2424 4166
226 277 259 328 6
885 275 1274 329 CORNELII
1310 275 1398 329 TA
1411 277 1494 330 CI
1497 277 1582 328 TI

225 418 505 488 profluens
542 436 726 472 sermo
770 437 880 472 non
918 418 1110 483 defuit,
1149 425 1206 472 et
1243 418 1405 488 Aper
1440 419 1591 474 omni
1630 420 1941 473 eruditione
1984 419 2229 473 imbutus

154 531 202 572 15
227 513 615 566 contemnebat
653 514 836 582 potius
872 512 1083 566 litteras
1118 530 1286 582 quam
1322 514 1615 577 nesciebat,
1642 505 1932 580 tamquam
1967 513 2229 565 maiorem

227 607 528 660 industriae
567 615 622 659 et
660 607 864 660 laboris
902 606 1134 676 gloriam
1174 606 1459 659 habiturus
1499 608 1544 659 si
1589 607 1869 676 ingenium
1910 607 2025 659 eius
2068 606 2232 660 nullis

228 700 530 754 alienarum
557 701 756 753 artium
784 700 1131 753 adminiculis
1159 700 1319 753 inniti
1345 701 1639 754 videretur.

303 798 360 851 3.
404 795 578 863 Igitur
598 803 660 847 ut
680 794 1000 847 intravimus
1023 792 1336 846 cubiculum
1360 794 1615 860 Materni,
1635 794 1922 848 sedentem
1943 794 2235 862 ipsumque

229 904 396 955 quem
440 887 616 955 pridie
656 887 980 939 recitaverat
1019 885 1222 938 librum
1264 886 1406 939 inter
1451 905 1646 940 manus
1695 887 1992 941 habentem
2037 887 2234 956 depre-

228 980 535 1032 hendimus

306 1074 453 1125 Tum
499 1072 787 1126 Secundus
826 1071 1082 1124 ‘Nihilne
1126 1068 1212 1125 te'
1250 1072 1443 1141 inquit,
1482 1074 1782 1138 ‘Materne‚
1819 1071 2039 1125 fabulae
2078 1071 2236 1126 mali-

186 1189 208 1229 5
231 1184 466 1235 gnorum
492 1174 699 1219 terrent
732 1183 843 1234 quo
872 1167 1051 1218 minus
1081 1166 1319 1218 offensas
1347 1166 1572 1219 Catonis
1599 1167 1679 1219 tui
1712 1171 1905 1218 ames?
1979 1166 2076 1218 An
2110 1167 2239 1219 ideo

235 1262 435 1314 librum
471 1261 638 1312 istum
665 1260 1082 1327 adprehendisti
1111 1267 1172 1312 ut
1198 1259 1513 1327 diligentius
1546 1267 1868 1312 retractares
1909 1267 1980 1322 et,
2007 1260 2241 1313 sublatis

235 1356 282 1407 si
334 1372 443 1422 qua
505 1372 710 1423 pravae
767 1354 1211 1422 interpretationi
1275 1353 1563 1406 materiam
1620 1353 1908 1416 dederunt,
1959 1352 2243 1406 emitteres

238 1448 512 1502 Catonem
540 1466 649 1500 non
676 1449 901 1516 quidem
929 1448 1227 1508 meliorem,
1254 1448 1354 1499 sed
1381 1454 1568 1499 tamen
1594 1447 1921 1500 securiorem
1941 1446 1993 1499 ?'

310 1543 459 1595 Tum
499 1541 588 1594 ille
615 1541 943 1610 ‘Intelleges
980 1549 1041 1593 tu
1080 1541 1304 1609 quidem
1341 1541 1474 1609 quid
1512 1540 1797 1593 Maternus
1833 1539 1938 1591 sibi
1978 1539 2244 1603 debuerit,

296 1676 360 1715 14.
390 1663 509 1704 omni
544 1662 729 1712 EV2CA‚
759 1666 810 1703 cz?
842 1661 1013 1702 ABDH
1052 1663 1137 1715 (cp.
1167 1663 1233 1702 13.
1257 1662 1342 1714 14),
1363 1661 1579 1702 communi
1609 1659 1846 1701 Rhenanus.

239 1719 452 1767 ABCAD,
473 1717 618 1757 adniti
634 1730 735 1758 corr.
757 1718 797 1757 A
818 1718 901 1757 and
920 1717 1081 1766 B,EV2‚
1103 1716 1210 1756 initi
1228 1717 1286 1756 H.

297 1777 338 1813 3.
369 1781 406 1812 1.
437 1773 654 1824 ipsumque
673 1784 794 1824 quem
823 1771 1016 1812 reviewer
1045 1772 1093 1811 of
1107 1769 1331 1812 Walther's
1359 1771 1423 1811 ed.
1444 1771 1486 1810 in
1515 1770 1653 1823 Leipz.
1675 1770 1755 1810 Lit.
1777 1769 1879 1810 Zeit.
1903 1770 2021 1820 1833,
2043 1782 2087 1822 p.
2112 1768 2244 1822 1898:

241 1829 380 1881 iprum
409 1839 530 1879 quem
559 1826 680 1866 codd.
738 1827 890 1867 Others
918 1826 1057 1879 ipsum
1085 1831 1124 1865 et
1151 1840 1296 1878 quem:
1327 1826 1504 1878 perhaps
1532 1831 1571 1865 et
1598 1826 1736 1877 ipsum
1764 1837 1898 1877 quem.
2067 1835 2104 1863 2.
2136 1824 2253 1863 inter

243 1883 396 1933 Cujas:
428 1881 547 1920 intra
576 1881 696 1921 codd.
890 1893 929 1933 9.
960 1881 1174 1932 Intelleges
1201 1886 1250 1920 tn
1278 1881 1443 1934 quidem
1473 1880 1582 1932 quid
1604 1881 1640 1919 is
1669 1892 1739 1931 my
1767 1879 1897 1930 conj.:
1939 1878 2041 1930 leges
2067 1884 2116 1917 tu
2144 1877 2254 1930 quid

243 1937 479 1985 ABDEV„
499 1936 600 1987 leges
628 1941 676 1975 tu
706 1935 872 1988 quidem
903 1935 948 1974 H
978 1936 1071 1975 edd.
1100 1941 1216 1985 vett„
1244 1936 1345 1987 leges
1372 1935 1479 1987 quid
1505 1934 1554 1982 C,
1587 1936 1597 1955 ‘
1615 1932 1738 1985 leges'
1769 1930 1914 1985 inquit
1941 1933 2074 1985 ‘qnid
2099 1933 2246 1981 Halm,

245 1994 359 2043 leges,
382 1991 538 2043 inquit,
559 1990 599 2029 sz‘
625 1989 798 2083 ῖιῖτιενὶί
825 1989 1080 2043 Nipperdey,
1101 1991 1202 2042 leges
1234 1995 1282 2030 tu
1311 2002 1416 2043 quae
1444 1988 1608 2028 audisti
1623 1995 1663 2028 et
1679 2001 1864 2041 agnosces
1892 1988 2000 2040 quid
2022 1988 2250 2028 Maternus

245 2047 328 2088 sibi
357 2044 542 2085 debuerit
571 2046 656 2084 Bae
688 2058 791 2085 rens.

2015 1671 2033 1699 1
2042 1666 2079 1712 7.
2109 1659 2251 1700 inniti

306 2140 367 2180 14.
398 2129 651 2175 profluens.
729 2127 790 2167 As
845 2126 1055 2179 generally
1110 2126 1214 2167 with

240 2190 384 2238 purus
423 2182 532 2236 (Cic.
567 2183 678 2221 Brut.
718 2185 738 2229 ξ
778 2191 857 2233 274
895 2182 953 2222 ita
990 2195 1094 2234 pura
1137 2181 1213 2234 [sc.

248 2237 403 2290 oratio]
434 2243 480 2276 ut
508 2236 611 2275 nihil
640 2236 869 2288 liquidius),
900 2237 969 2276 the
997 2237 1218 2289 metaphor

247 2295 285 2334 is
304 2293 410 2332 from
430 2306 454 2331 a
473 2292 649 2344 running
668 2297 841 2332 stream:
875 2304 939 2343 cp.
962 2291 1050 2332 Cic.
1071 2292 1122 2331 de
1144 2291 1216 2331 Or.

250 2349 292 2388 ii.
327 2352 346 2396 ς
382 2358 459 2398 159
488 2359 617 2399 genus
650 2346 851 2386 sermonis
883 2359 966 2385 non
995 2346 1213 2398 liquidum,

250 2416 334 2443 non
357 2401 494 2440 fusum
522 2414 570 2441 ac
598 2400 830 2453 profluens:
865 2400 921 2440 ib.
956 2401 1053 2452 §64
1081 2400 1217 2440 fusum

253 2464 378 2509 atque
409 2461 590 2495 tractum
624 2462 664 2495 et
697 2468 792 2494 cum
831 2455 1000 2495 lenitate
1037 2456 1218 2507 quadam

253 2510 525 2564 aequabiliter
543 2509 773 2562 profluens:
798 2510 897 2549 Tac.
912 2510 1020 2549 Ann.
1037 2511 1092 2549 iv,
1109 2510 1176 2558 61,
1193 2508 1218 2548 6

255 2566 425 2606 Haterii
441 2578 637 2605 canorum
652 2564 759 2603 illud
774 2571 814 2604 et
829 2563 1037 2616 profluens
1051 2564 1115 2617 (as
1128 2564 1218 2603 also

252 2621 296 2660 in
318 2621 405 2660 Cic.
426 2620 477 2659 de
498 2620 568 2659 Or.
588 2620 646 2658 iii.
674 2622 693 2666 ξ
718 2620 785 2668 28,
808 2619 855 2658 of
870 2617 1043 2670 Carbo).

310 2677 536 2714 imbutus.
631 2672 687 2712 So
735 2675 800 2713 31.
843 2685 893 2723 33
930 2673 1218 2725 grammatica,

257 2730 425 2777 musica,
447 2730 675 2779 geometria
696 2728 1007 2767 imbuebantur:
1038 2741 1101 2780 ep.
1122 2735 1219 2767 note

258 2797 311 2824 on
335 2787 397 2823 19.
421 2794 485 2822 21.
541 2781 632 2822 The
656 2782 835 2822 ablative
854 2789 896 2822 at
916 2783 982 2822 34.
1006 2794 1025 2821 2
1056 2795 1150 2835 may
1170 2782 1222 2822 be

258 2837 433 2890 slightly
452 2836 647 2876 different.

320 2905 335 2932 1
345 2903 379 2943 5.
397 2894 740 2932 contemnebat.
765 2891 843 2943 Cp.
852 2890 967 2930 what
976 2891 1121 2931 Cicero
1129 2903 1222 2943 says

262 2948 310 2988 of
313 2948 483 2987 Crassus
496 2947 576 2985 and
586 2946 791 2985 Antonius
804 2945 884 2985 and
894 2946 1028 2985 Greek
1037 2945 1225 2997 learning

265 3002 337 3054 (de
358 3002 428 3042 Or.
443 3001 485 3040 ii.
506 3003 526 3048 ξ
549 2999 593 3052 4)
617 3004 722 3039 ‘non
740 3006 827 3040 tam
847 3001 1073 3040 existimari
1095 3000 1222 3040 vellet

263 3070 347 3097 non
368 3056 559 3095 didicisse
578 3068 703 3107 quam
724 3055 798 3094 illa
819 3054 1054 3106 despicere,’
1079 3068 1167 3108 sqq.

1343 2129 1447 2167 Chs.
1462 2129 1564 2167 3-4.
1584 2125 1733 2178 Aper's
1743 2125 1943 2166 criticism
1955 2124 2006 2178 (ff
2013 2125 2252 2165 Maternus.

1345 2184 1387 2221 3.
1431 2192 1466 2220 1.
1513 2183 1808 2221 intravimus.
1893 2180 1985 2219 The
2047 2179 2253 2219 inclusion

1292 2236 1338 2276 of
1380 2235 1550 2275 Tacitus
1586 2235 1754 2275 himself
1786 2247 1941 2287 among
1982 2234 2052 2275 the
2089 2233 2255 2273 visitors

1292 2291 1341 2330 os
1382 2291 1595 2330 Maternus
1636 2290 1672 2330 is
1708 2300 1753 2330 to
1799 2290 1852 2330 be
1890 2288 2108 2342 explained
2146 2288 2254 2327 from

1293 2348 1304 2367 ‘
1314 2343 1581 2391 adsectabar,'
1596 2347 1674 2385 &c.
1690 2345 1734 2384 in
1749 2343 1818 2384 the
1833 2344 2054 2397 preceding
2072 2343 2253 2396 chapter.

1351 2412 1386 2439 2.
1416 2402 1541 2440 inter
1584 2412 1753 2439 manus
1774 2419 1810 2432 =
1830 2400 1874 2438 in
1920 2399 2134 2438 manibus:
2189 2409 2255 2450 cp.

1294 2455 1402 2494 Ann.
1421 2455 1481 2495 iii.
1507 2453 1570 2503 16,
1598 2466 1615 2493 1
1638 2455 1772 2495 visum
1798 2453 1902 2492 inter
1922 2465 2068 2492 manus
2094 2452 2255 2492 Pisonis

1293 2508 1508 2549 libellum:
1544 2508 1651 2548 Plin.
1678 2510 1788 2561 Epp.
1817 2509 1859 2548 ii.
1893 2519 1933 2559 5,
1965 2520 1985 2547 2
2015 2506 2120 2547 nihil
2144 2506 2258 2547 enim

1293 2564 1430 2604 adhuc
1475 2563 1581 2603 inter
1625 2576 1773 2603 manus
1820 2562 1961 2603 habui.
2032 2562 2089 2602 So
2130 2561 2254 2613 Verg.

1294 2619 1397 2658 Aen.
1419 2618 1473 2657 xi.
1497 2629 1571 2668 311
1595 2618 1705 2657 Ante
1731 2617 1875 2657 oculos
1900 2617 2086 2670 interque
2110 2628 2258 2656 manus

1294 2678 1386 2712 sunt
1406 2673 1545 2711 omnia
1562 2678 1727 2713 vestras

1353 2738 1390 2778 5.
1410 2739 1504 2773 quo
1516 2729 1672 2766 minus
1688 2726 1788 2766 after
1803 2732 1946 2772 terreo,
1961 2739 2006 2765 as
2019 2725 2134 2764 Hist.
2147 2724 2174 2765 i.
2187 2735 2256 2775 40,

1300 2792 1361 2822 12.
1415 2780 1472 2820 So
1491 2780 1594 2820 after
1608 2781 1799 2830 deterreo,
1817 2781 1931 2821 Hist.
1949 2781 1992 2819 ii.
2006 2791 2074 2831 41,
2095 2790 2170 2826 103
2200 2780 2256 2820 iv.

1300 2844 1366 2888 71,
1391 2846 1435 2874 21
1457 2849 1465 2875 :
1496 2834 1585 2875 also
1604 2835 1646 2874 in
1667 2835 1827 2884 Cicero,
1843 2834 1955 2887 Livy,
1977 2835 2058 2874 and
2079 2834 2258 2875 Curtius.

1352 2892 1552 2930 offensas
1573 2892 1765 2929 Catonis
1785 2892 1870 2930 tui.
1922 2890 2057 2928 ‘Your
2075 2901 2261 2941 exasper-

1297 2945 1414 2996 ating
1440 2943 1575 2985 Cat0.'
1633 2944 1702 2983 He
1721 2958 1806 2984 was
1833 2950 1878 2984 to
1907 2944 2003 2984 take
2031 2957 2056 2983 a
2075 2943 2261 2995 waming

1298 3000 1404 3039 from
1432 2998 1501 3039 the
1524 2999 1606 3038 fate
1634 2999 1681 3038 of
1700 2999 1932 3038 Cremutius
1952 2998 2125 3048 Cordus,
2147 2998 2260 3038 Ann.

1298 3055 1351 3094 iv.
1375 3065 1450 3105 34:
1483 3067 1547 3106 cp.
1570 3054 1710 3104 Quint.
1731 3067 1769 3093 x.
1795 3065 1832 3101 1,
1857 3065 1945 3105 104.

318 3117 573 3159 tamquam,
594 3110 695 3149 with
721 3110 794 3150 fut.
822 3118 929 3162 part.
953 3110 1056 3162 (like
1076 3110 1158 3162 ὡς),
1180 3122 1226 3148 as

265 3167 374 3206 Ann.
405 3166 475 3204 xii.
505 3178 572 3218 49,
605 3177 627 3216 5
658 3171 870 3216 tamquam
899 3171 1226 3217 recuperaturus,

265 3221 347 3262 and
375 3221 428 3261 vi.
462 3219 526 3270 36,
558 3232 595 3270 4.
654 3220 770 3271 Aper
804 3219 1005 3271 ‘thought
1039 3220 1130 3258 that
1163 3219 1229 3258 his

265 3275 499 3328 reputation
519 3275 582 3314 for
607 3275 771 3314 zealous
795 3274 1069 3327 professional
1095 3272 1227 3326 appli-

268 3331 406 3371 cation
425 3329 565 3369 would
586 3329 636 3368 be
657 3335 817 3381 greater
835 3327 889 3377 if,’
912 3330 988 3368 &c.

327 3384 389 3425 16.
421 3386 684 3423 industriae
706 3388 753 3422 et
771 3386 972 3423 laboris:
1003 3382 1092 3423 Cic.
1114 3384 1227 3421 Brut.

271 3442 292 3487 §
328 3447 430 3489 237:
475 3439 529 3478 ad
563 3439 679 3477 Fam.
709 3439 794 3478 xiii.
828 3448 892 3486 10,
925 3448 961 3487 3.
1019 3438 1103 3477 For
1129 3437 1230 3477 such

270 3506 506 3546 symnyms,
529 3506 595 3533 see
616 3493 773 3533 Introd.
795 3505 835 3544 p.
859 3492 903 3532 li.

329 3559 345 3586 1
355 3556 390 3599 7.
421 3550 680 3587 alienarum
694 3550 867 3587 artium
885 3550 895 3568 ‘
907 3552 1149 3587 extraneous
1164 3559 1230 3587 ac-

272 3601 638 3654 complishments,’
675 3602 915 3653 everything
958 3602 1120 3641 outside
1165 3601 1231 3641 his

272 3657 515 3710 profession,
545 3670 580 3696 e.
594 3670 634 3708 g.
664 3656 929 3708 philosophy,
962 3658 1027 3698 31.
1060 3667 1108 3708 25
1140 3668 1228 3709 sqq.

273 3713 348 3752 See
370 3711 525 3751 Introd.
545 3724 587 3764 p.
608 3711 733 3762 xxxii,
754 3716 866 3751 note.

1355 3121 1492 3149 ames.
1530 3108 1654 3158 Ovid,
1671 3108 1793 3148 Trist.
1812 3109 1866 3148 iv.
1889 3119 1922 3159 1,
1943 3120 1995 3159 30
2010 3107 2065 3147 Et
2079 3118 2260 3155 carmen,

1299 3164 1478 3214 demens,
1503 3163 1681 3202 carmine
1700 3162 1835 3202 laesus
1854 3176 1963 3202 amo.

1359 3226 1395 3269 7.
1425 3219 1989 3264 pravaeinterpretationi
2001 3218 2259 3266 materiam,

1304 3276 1314 3296 ‘
1329 3286 1355 3312 a
1374 3272 1524 3312 handle
1544 3271 1606 3311 for
1625 3270 2009 3311 misconstruction.'

1358 3328 1395 3367 8.
1425 3339 1522 3366 non
1537 3329 1727 3373 quidem
1742 3329 1997 3365 meliorem.
2041 3325 2133 3364 The
2148 3337 2263 3364 more

1302 3381 1422 3421 usual
1435 3381 1555 3421 order
1562 3380 1701 3420 would
1713 3381 1762 3420 be
1770 3394 1854 3420 non
1864 3380 2070 3420 meliorem
2079 3379 2261 3432 quidem,

1303 3450 1350 3476 or
1396 3448 1480 3475 non
1529 3436 1653 3475 illum
1700 3435 1865 3487 quidem
1912 3435 2145 3475 meliorem:
2198 3446 2264 3487 cp.

1299 3490 1461 3544 pulchri
1481 3490 1659 3542 quidem,
1682 3490 1719 3529 9.
1744 3500 1806 3540 13.

1358 3548 1658 3594 securiorem,
1700 3544 1806 3584 ‘less
1852 3556 1959 3596 open
2002 3548 2048 3584 to
2094 3540 2263 3588 attack:

1304 3598 1461 3649 ‘safer,’
1485 3599 1591 3639 ‘less
1614 3597 1773 3651 risky’:
1809 3599 1921 3639 Hist.
1942 3598 1970 3639 i.
1995 3609 2033 3647 1,
2058 3599 2107 3638 18
2130 3597 2263 3638 uberi-

1286 3665 1417 3695 ·orem
1437 3654 1761 3706 securioremque
1781 3654 2009 3693 materiam.

1359 3721 1399 3763 9.
1428 3710 1695 3757 Intelleges.
1739 3708 1871 3759 ‘You,
1887 3707 2096 3749 Secundus
2111 3707 2196 3760 (cp.
2210 3718 2264 3747 on
