2424 4166
622 246 1014 296 DIALOGUS
1048 246 1162 295 DE
1198 245 1704 296 ORATORIBUS.
2094 246 2161 312 69

166 373 385 458 gravio-r
433 371 648 450 Brutus,
697 387 1072 440 vehementior
1121 396 1177 440 et
1225 388 1438 455 plenior
1500 395 1557 440 et
1605 385 1879 439 valentior
1930 386 2159 441 Cicero:

172 499 365 535 omnes
401 491 588 535 tamen
628 482 860 533 eandem
899 480 1196 533 sanitatem
1236 480 1584 547 eloquentiae
1609 489 1747 546 prae
1774 497 1829 532 se
1867 479 2059 544 ferunt,
2086 489 2163 542 ut,
2190 504 2240 531 20

169 575 213 627 si
240 575 482 628 omnium
521 574 725 643 pariter
756 572 922 625 libros
955 573 1010 624 in
1042 590 1266 625 manum
1306 573 1616 640 sumpseriS‚
1644 574 1784 625 scias
1819 574 2071 641 quamvis
2109 574 2164 625 in

169 668 395 720 diversis
423 666 652 734 ingeniis
679 683 797 718 esse
823 666 1102 732 quandam
1130 666 1314 717 iudicii
1340 682 1404 718 ac
1423 665 1723 718 voluntatis
1749 666 2163 719 similitudinem

167 770 223 814 et
243 761 645 830 cognationem.
698 759 845 811 Nam
865 759 1014 826 quod
1044 759 1276 810 invicem
1298 775 1356 810 se
1377 757 1822 812 obtrectaverunt
1842 767 1896 811 et
1918 768 2045 811 sunt
2066 759 2162 811 ali-

169 871 278 923 qua
295 852 540 922 epistulis
561 870 749 905 eorum
768 853 987 916 inserta,
1008 870 1082 904 ex
1103 852 1303 920 quibus
1321 860 1513 904 mutua
1531 853 1847 920 malignitas
1869 854 2163 921 detegitur,

169 965 280 1000 non
319 955 402 1000 est
442 955 722 1000 oratorum
762 946 971 1008 vitium,
1003 947 1101 997 sed
1137 946 1445 998 hominum.
1551 945 1697 997 Nam
1741 954 1796 998 et
1836 946 2068 999 Calvum
2110 956 2164 1000 et
2192 963 2238 1002 25

167 1041 426 1094 Asinium
473 1049 527 1093 et
578 1041 759 1108 ipsum
817 1039 1138 1092 Ciceronem
1189 1039 1355 1091 credo
1405 1039 1596 1091 solitos
1651 1057 1761 1092 esse
1814 1041 2055 1092 invidere
2110 1048 2164 1092 et

168 1134 335 1187 livere
355 1142 410 1187 et
430 1134 622 1186 ceteris
642 1133 919 1186 humanae
945 1132 1280 1185 infirmitatis
1299 1133 1445 1186 vitiis
1465 1132 1627 1185 adfici
1653 1152 1664 1184 ε
1703 1133 1883 1184 solum
1907 1133 2049 1185 inter
2064 1132 2166 1184 hos

168 1228 402 1280 arbitror
441 1228 670 1279 Brutum
710 1244 819 1278 non
858 1226 1205 1294 malignitate
1241 1243 1339 1279 nec
1375 1226 1595 1290 invidia,
1620 1226 1717 1278 sed
1755 1226 2076 1294 simpliciter
2112 1234 2167 1277 et

170 1321 404 1389 ingenue
431 1321 694 1373 iudicium
721 1320 888 1372 animi
915 1321 997 1371 sui
1025 1320 1319 1372 detexisse.
1377 1319 1473 1371 An
1501 1319 1592 1372 ille
1616 1319 1862 1372 Ciceroni
1882 1320 2164 1381 invideret,

168 1415 262 1482 qui
290 1415 422 1466 mihi
446 1415 660 1467 videtur
678 1431 747 1465 ne
775 1412 996 1466 Caesari
1019 1413 1241 1480 quidem
1269 1413 1564 1465 invidisse?
1629 1411 1795 1479 Quod
1812 1415 1882 1464 ad
1913 1411 2164 1464 Servium
2191 1423 2245 1462 30

171 1507 408 1561 Galbam
455 1516 510 1560 et
559 1507 619 1560 C.
668 1505 917 1558 Laelium
967 1506 1179 1569 attinet,
1225 1514 1282 1558 et
1333 1506 1376 1558 si
1423 1523 1563 1572 quos
1613 1506 1749 1557 alios
1800 1506 2167 1573 antiquiorum

168 1603 380 1670 agitare
418 1620 527 1654 non
572 1601 799 1665 destitit,
838 1617 947 1653 non
990 1600 1168 1668 exigit
1213 1599 1571 1664 defensorem,
1613 1616 1738 1651 cum
1784 1599 1960 1652 fatear
2003 1617 2170 1668 quae-

226 1755 288 1785 20.
317 1743 538 1783 sanitatem
569 1742 803 1791 Rhenanus,
824 1741 1084 1781 sanctitatem
1114 1740 1233 1781 codd.
1285 1747 1392 1794 prae
1409 1754 1449 1780 se
1462 1740 1621 1792 fierunt
1641 1740 2031 1793 Andresen,ferunt
2050 1741 2168 1780 EHb

168 1803 319 1839 serunt
345 1798 519 1846 ABCD,
541 1796 796 1849 praeferunt
827 1796 1057 1836 Acidalius.

1282 1807 1344 1836 21.
1375 1796 1479 1834 scias
1500 1796 1547 1843 B,
1579 1796 1706 1834 sciam
1741 1795 1913 1845 ABDC,
1936 1809 2017 1835 om.
2050 1795 2168 1848 HSp.

171 1865 234 1904 23.
265 1853 542 1905 cognationem
582 1851 819 1895 Beroaldus,
858 1851 1141 1902 cogitationem
1177 1850 1297 1890 codd.
1357 1850 1430 1901 [se]
1470 1850 1720 1902 Nipperdey,
1764 1850 1910 1899 Halm,
1944 1850 2168 1890 Andresen.

172 1909 235 1952 26.
264 1908 400 1947 solitos
411 1919 489 1946 esse
507 1908 543 1946 is
558 1919 628 1958 my
642 1905 761 1957 conj„
783 1905 920 1945 solitos
938 1911 976 1944 et
995 1905 1114 1946 codd.
1150 1905 1389 1956 Nipperdey
1405 1903 1548 1955 rejects
1563 1909 1601 1943 et
1616 1904 1814 1952 invidere,
1834 1905 1915 1943 and
1935 1917 1981 1944 so
1998 1905 2141 1944 Halm.
2158 1920 2166 1945 ε

169 1963 306 2002 others
324 1963 428 2002 omit
446 1966 497 2001 et.
653 1968 716 2011 27.
746 1960 874 1999 livore
893 1960 1040 1999 Ritter.

172 2027 236 2069 29.
266 2015 474 2064 invideret
495 2014 685 2055 Ciceroni
704 2015 790 2054 HV
809 2014 882 2066 Sp.

227 2152 290 2193 19.
335 2141 523 2187 gravior
568 2141 758 2177 Brutus.
844 2138 922 2190 Cp.
981 2137 1124 2189 Quint.

170 2195 239 2235 xii.
274 2206 338 2243 10,
372 2205 417 2232 11
450 2193 690 2245 gravitatem
720 2192 859 2232 Bruti:
906 2205 943 2232 x.
978 2203 1014 2238 1,
1048 2204 1123 2242 123

173 2251 322 2289 Brutus
353 2247 511 2288 suffecit
539 2247 711 2299 ponderi
744 2260 890 2286 rerum.
960 2246 1036 2286 See
1071 2260 1124 2286 on

227 2369 291 2398 20.
320 2359 584 2397 sanitatem.
654 2356 734 2407 Cp.
763 2355 850 2395 Cic.
884 2356 995 2395 Brut.
1029 2358 1048 2403 ξ
1074 2367 1120 2407 51

169 2413 288 2452 illam
326 2411 608 2451 salubritatem
647 2411 814 2450 Atticae
857 2409 1050 2450 dictionis
1087 2417 1126 2450 et

170 2467 287 2520 quasi
316 2466 558 2506 sanitatem:
602 2466 653 2505 de
683 2465 781 2517 Opt.
817 2464 921 2504 Gen.
951 2464 1022 2504 Or.
1056 2468 1076 2512 §
1101 2465 1125 2503 8

156 2522 377 2561 'imitemur
405 2550 416 2560 .
444 2549 455 2560 .
486 2549 496 2560 .
524 2532 596 2560 eos
623 2520 761 2572 potius
793 2518 863 2571 qui
891 2518 1127 2571 incorrupta

170 2576 345 2616 sanitate
386 2579 492 2624 sunt,
527 2575 639 2627 quod
671 2580 731 2613 est
769 2574 986 2626 proprium
1016 2574 1125 2613 Atti-

171 2643 326 2670 corum.
383 2628 440 2669 So
459 2628 567 2680 ὑγιές
585 2629 627 2667 in
648 2627 796 2668 Greek.

229 2695 292 2723 22.
322 2681 495 2723 iudicii
510 2696 563 2723 ac
582 2685 861 2731 voluntatis,
890 2685 1017 2722 ‘taste
1044 2682 1127 2722 and

171 2738 451 2791 sympathies.’
492 2737 549 2777 So
568 2738 655 2778 Cic.
676 2738 727 2777 de
742 2737 812 2777 Or.
834 2737 873 2777 ii.
898 2740 998 2790 §94
1044 2738 1128 2776 For

171 2793 393 2840 iudicium,
414 2805 478 2845 cp.
499 2794 566 2832 21.
588 2793 654 2842 38.

228 2859 290 2898 23.
321 2850 445 2886 Nam
479 2850 617 2894 quod.
693 2845 796 2886 This
832 2859 904 2886 use
943 2845 991 2885 of
1022 2846 1133 2899 quod

174 2901 207 2954 (‘
224 2915 269 2942 as
287 2901 453 2952 regards
479 2901 549 2940 the
574 2900 658 2940 fact
681 2900 772 2940 that
785 2899 828 2951 ⁹),
859 2913 905 2939 so
934 2913 1126 2940 common

173 2957 214 2995 in
233 2956 377 2996 Cicero
396 2955 478 2994 and
503 2955 667 3004 Caesar,
697 2955 731 2994 is
758 2953 847 2994 said
872 2960 917 2994 to
945 2967 1068 2994 occur
1086 2956 1127 2993 in

173 3011 342 3050 Tacitus
370 3009 470 3060 only
497 3009 603 3048 here.
674 3009 758 3047 For
790 3008 966 3048 invicem
996 3021 1037 3047 se
1065 3008 1126 3047 ob·

172 3068 464 3111 trectaverunt,
494 3075 559 3115 cp.
586 3062 726 3114 Agric.
746 3063 799 3102 vi.
826 3074 854 3113 4
884 3062 1057 3103 invicem
1085 3076 1128 3103 se

171 3117 470 3169 anteponendo.

232 3172 296 3211 28.
335 3183 434 3210 non
470 3172 763 3217 malignitate
809 3181 895 3209 nee
933 3172 1128 3210 invidia.

175 3227 253 3278 Cp.
275 3227 342 3265 23.
366 3236 414 3276 25
445 3224 679 3276 malignitas
706 3229 747 3263 et
773 3223 954 3265 invidia:
986 3225 1124 3276 Agric.

175 3280 245 3320 xli.
266 3287 314 3331 17
328 3279 588 3330 malignitate
607 3285 646 3318 et
661 3278 814 3318 livore:
847 3278 961 3319 Hist.
977 3279 1004 3318 i.
1024 3290 1058 3326 1,
1079 3289 1122 3316 11

175 3334 419 3374 obtrectatio
450 3338 490 3372 et
524 3333 643 3374 livor.
714 3333 847 3372 There
877 3332 912 3371 is
946 3346 971 3372 a
998 3333 1128 3386 slight

175 3401 345 3440 zeugma
394 3388 579 3428 between
630 3387 743 3427 these
798 3386 998 3428 ablatives
1047 3387 1129 3428 and

174 3440 380 3482 detexisse.

235 3507 298 3549 ²9·
328 3497 558 3536 iudicium
586 3498 733 3536 animi
764 3498 852 3545 sui,
883 3496 972 3536 ‘his
999 3496 1128 3536 inner-

178 3558 286 3590 most
301 3548 590 3591 convictions’:
612 3563 675 3603 cp.
692 3551 758 3594 27.
771 3552 823 3590 ad
836 3550 914 3598 fin„
932 3551 1130 3591 iudicium

178 3604 328 3645 animi:
363 3603 452 3644 Cic.
473 3603 524 3644 de
543 3604 613 3644 Or.
640 3604 717 3655 363
746 3605 906 3657 gaudeo
934 3605 1131 3644 iudicium

178 3658 305 3698 animi
350 3658 431 3698 mei
478 3660 747 3710 comprobari.
830 3659 915 3699 For
951 3657 1131 3699 Brutus's

1192 1959 1256 1998 28.
1288 1961 1478 1998 Brutum
1497 1960 1603 2007 Put„
1624 1964 1772 1997 utrum
1793 1959 1934 2008 ACH,
1951 1972 2101 1999 uerum
2123 1960 2168 1998 B.

1005 2025 1070 2064 32.
1100 2014 1261 2066 agitare
1281 2014 1414 2062 codd„
1438 2015 1554 2066 Aper
1570 2013 1732 2065 agitare
1751 2014 1793 2053 P.
1816 2013 1935 2054 VOSS.

1210 2138 1412 2188 sincerity,
1443 2150 1510 2189 cp.
1542 2136 1684 2188 Quint.
1711 2150 1749 2175 x.
1775 2148 1807 2183 1,
1836 2148 1910 2187 123
1941 2138 2046 2176 scias
2076 2151 2170 2177 eum

1210 2192 1358 2232 sentire
1386 2205 1490 2244 quae
1519 2191 1648 2231 dicit:
1677 2191 1767 2230 also
1797 2191 1980 2231 Caesar’s
2009 2193 2168 2231 remark

1211 2247 1339 2286 about
1358 2246 1443 2285 him
1468 2246 1573 2297 (Cic.
1594 2247 1645 2284 ad
1666 2247 1754 2285 Att.
1778 2246 1856 2285 xiv.
1884 2257 1917 2294 1,
1939 2247 1980 2291 2)
2006 2248 2169 2298 ‘magni

1210 2301 1331 2341 refert
1361 2300 1429 2340 hic
1462 2301 1560 2352 quid
1593 2299 1705 2350 velit,
1739 2301 1811 2341 sed
1850 2300 2044 2354 quicquid
2084 2302 2170 2340 vult

1210 2356 1330 2395 valde
1347 2353 1459 2395 vult.’

1268 2422 1331 2462 29.
1361 2412 1438 2448 An
1459 2439 1469 2449 .
1491 2439 1501 2449 .
1524 2439 1533 2448 .
1555 2411 1806 2458 invideret,
1850 2412 1861 2430 ‘
1875 2409 1988 2461 Why
2020 2409 2170 2449 should

1210 2464 1263 2504 he
1291 2464 1395 2504 have
1423 2464 1525 2503 been
1548 2463 1710 2514 jealous
1739 2464 1786 2503 of
1795 2462 1835 2503 ’:
1878 2477 1942 2516 cp.
1972 2464 2166 2511 crederes,

1210 2519 1381 2567 videres,
1422 2518 1556 2569 Roby,
1599 2521 1762 2569 §1544
1839 2517 1894 2558 So
1939 2519 2056 2571 ‘Ego
2094 2519 2170 2558 tibi

1211 2573 1402 2614 irascerer
1420 2575 1427 2613 !
1445 2571 1455 2589 '
1475 2573 1563 2612 Cic.
1585 2573 1638 2612 ad
1659 2573 1739 2624 Qu.
1763 2574 1828 2612 Fr.
1848 2573 1875 2613 i.
1897 2584 1933 2623 3,
1960 2584 1993 2613 1.

1269 2639 1332 2678 30.
1364 2629 1504 2673 Quod
1530 2630 1591 2666 ad
1612 2657 1621 2666 .
1645 2658 1654 2666 .
1676 2657 1685 2667 .
1711 2631 1897 2667 attinet.
1954 2627 2058 2667 This
2091 2628 2170 2667 sor-

1211 2682 1326 2722 mula
1354 2683 1390 2721 is
1419 2681 1546 2721 found
1574 2682 1617 2720 in
1641 2682 1811 2722 Tacitus
1831 2682 1929 2733 only
1948 2681 2057 2731 here,
2089 2683 2167 2721 and

1211 2737 1252 2776 in
1287 2737 1428 2789 Agric.
1459 2736 1597 2775 xxxiii.
1632 2748 1694 2786 23.
1763 2737 1811 2775 In
1842 2737 2070 2788 Quintilian
2099 2737 2169 2776 the

1212 2791 1501 2843 interrogative
1530 2791 1637 2829 form
1666 2790 1783 2844 (quid
1803 2793 1947 2831 attinet
1963 2791 1994 2842 ἓ)
2020 2792 2055 2830 is
2073 2804 2169 2842 very

1212 2859 1403 2887 common
1418 2859 1428 2894 ;
1458 2845 1547 2885 also
1564 2846 1633 2885 the
1648 2846 1837 2898 negative
1854 2845 1976 2894 (nihil
1993 2846 2169 2895 attinet),

1212 2900 1346 2940 which
1377 2912 1518 2940 occurs
1548 2913 1648 2940 once
1677 2901 1719 2939 in
1749 2900 1918 2940 Tacitus
1947 2901 2073 2951 (Ann.
2100 2901 2169 2938 xii.

1212 2955 1280 3003 60,
1306 2955 1386 3004 18).

1270 3011 1487 3048 Servium
1535 3010 1745 3048 Galbam.
1820 3007 1896 3048 See
1934 3021 1987 3047 on
2028 3010 2091 3048 18.
2131 3020 2169 3058 3,

1213 3062 1348 3102 where
1368 3062 1420 3101 he
1439 3062 1474 3101 is
1492 3062 1640 3101 named
1659 3062 1784 3113 along
1803 3063 1904 3101 with
1925 3063 2079 3109 Carbo,
2099 3071 2171 3100 not

1214 3117 1391 3156 Laelius.
1450 3117 1533 3155 For
1565 3116 1634 3154 the
1663 3116 1885 3168 eloquence
1917 3116 1964 3155 of
1992 3116 2171 3165 Laelius,

1215 3184 1279 3222 cp.
1320 3170 1408 3210 Cic.
1449 3170 1559 3209 Brut.
1603 3173 1622 3217 §
1655 3171 1706 3220 83
1736 3183 1823 3223 sqq.
1861 3171 1994 3210 multo
2032 3177 2169 3210 tamen

1214 3226 1411 3264 vetustior
1430 3230 1469 3264 et
1487 3223 1689 3263 horridior
1706 3224 1778 3264 ille
1794 3238 1916 3276 quam
1937 3225 2079 3277 Scipio
2100 3254 2109 3263 .
2127 3255 2135 3264 .
2161 3255 2170 3264 .

1213 3279 1407 3319 delectari
1437 3279 1539 3317 mihi
1572 3278 1706 3330 magis
1737 3279 1980 3330 antiquitate
2012 3279 2171 3319 videtur

1213 3338 1253 3373 et
1282 3333 1455 3373 libenter
1481 3332 1615 3372 verbis
1642 3333 1766 3373 etiam
1794 3335 1854 3372 uti
1884 3333 2010 3385 paulo
2039 3335 2172 3386 magis

1212 3388 1356 3440 priscis
1374 3387 1552 3427 Laelius.

1270 3453 1333 3492 32·
1363 3444 1526 3489 exigit.
1583 3441 1675 3481 The
1711 3440 1863 3492 subject
1895 3441 1930 3480 is
1965 3442 2170 3494 probably

1214 3497 1283 3537 the
1315 3497 1365 3536 ia'
1392 3496 1480 3536 that
1511 3503 1617 3535 must
1657 3496 1709 3535 be
1746 3496 1937 3548 supplied
1970 3496 2070 3535 with
2099 3497 2170 3536 the

1214 3551 1383 3591 relative
1413 3551 1549 3590 clause
1577 3550 1687 3603 quod
1704 3581 1714 3590 .
1735 3579 1744 3588 .
1766 3581 1776 3590 .
1798 3550 1959 3590 attinet.
2015 3551 2169 3591 Novak

1215 3605 1334 3645 reads
1371 3605 1572 3656 exigunt:
1623 3617 1686 3656 cp.
1722 3606 1787 3643 24.
1830 3613 1850 3655 7
1891 3618 2021 3657 neque
2059 3605 2167 3645 enim

1215 3660 1467 3699 defensorem
1487 3659 1746 3712 antiquorum
1765 3659 1978 3710 exigimus.
