2424 4166
656 232 1054 286 DIALOGUS
1088 234 1200 283 DE
1238 231 1747 286 ORATORIBUS.
2140 246 2206 300 23

208 395 328 433 esse
377 377 612 447 pretium
656 375 835 429 omnis
887 375 1090 429 laboris
1140 375 1223 428 sui
1275 376 1532 437 fatentur,
1569 390 1756 441 -aeque
1801 381 1994 441 poetas
2037 390 2203 441 quam

201 480 447 526 oratores
481 470 737 538 sequitur,
772 469 1032 537 quoniam
1068 469 1369 521 mediocres
1403 475 1596 535 poetas
1630 483 1795 519 nemo
1834 466 2002 526 novit,
2029 467 2205 519 bonos

207 566 382 633 pauci.
459 563 696 632 Quando
722 563 869 614 enim
905 563 1300 614 rarissimarum
1337 560 1722 613 recitationum
1759 558 1906 611 fama
1937 559 1991 610 in
2025 566 2202 611 totam

206 658 396 710 urbem
422 663 690 725 penetrat,
716 657 920 708 nedum
949 662 1009 707 ut
1035 673 1133 723 per
1157 662 1244 707 tot
1269 654 1575 721 provincias
1601 653 1945 704 innotescat?
1986 650 2204 718 Quotus
2228 668 2250 708 5

204 752 449 819 quisque,
487 767 611 803 cum
650 766 723 800 ex
764 749 1033 816 Hispania
1071 747 1158 800 vel
1197 747 1355 808 Asia,
1391 764 1460 799 ne
1498 746 1631 814 quid
1676 746 1745 797 de
1787 745 1958 797 Gallis
2004 745 2204 796 nostris

203 845 411 912 loquar,
438 844 492 895 in
527 844 718 895 urbem
745 843 911 906 venit,
950 841 1194 894 Saleium
1233 841 1466 893 Bassum
1507 840 1772 908 requirit?
1828 837 2022 904 Atque
2060 838 2202 888 adeo

202 938 246 988 si
287 937 411 1005 quis
451 936 694 1004 requirit,
735 944 796 988 ut
843 935 1013 987 semel
1050 935 1201 998 vidit,
1246 935 1442 986 transit
1487 941 1542 985 et
1588 939 1877 984 contentus
1916 937 2014 991 est,
2054 937 2114 980 ut
2155 930 2200 979 si

200 1032 470 1098 picturam
521 1029 762 1097 aliquam
813 1029 900 1081 vel
955 1037 1197 1082 statuam
1247 1028 1487 1080 vidisset.
1563 1027 1761 1094 Neque
1811 1025 1957 1076 hunc
2014 1039 2198 1074 meum

200 1140 509 1177 sermonem
568 1125 644 1176 sic
695 1123 868 1191 accipi
919 1121 1046 1176 volo
1108 1129 1393 1189 tamquam
1452 1137 1547 1173 eos
1599 1121 1797 1188 quibus
1851 1126 2047 1170 natura
2101 1134 2197 1168 sua
2225 1130 2277 1159 10

200 1217 500 1270 oratorium
529 1216 806 1286 ingenium
831 1216 1128 1284 denegavit
1154 1216 1459 1267 deterream
1495 1231 1527 1265 a
1562 1212 1911 1287 carminibuS‚
1946 1212 1991 1263 si
2030 1210 2196 1262 modo

199 1312 254 1363 in
280 1310 384 1363 hac
409 1311 714 1363 studiorum
736 1316 890 1377 parte
911 1309 1188 1361 oblectare
1208 1309 1384 1361 otium
1405 1315 1461 1359 et
1482 1323 1684 1358 nomen
1705 1306 1940 1358 inserere
1966 1312 2197 1372 possunt

199 1404 392 1457 famae.
469 1405 595 1472 Ego
638 1421 766 1456 vero
812 1419 1033 1456 omnem
1079 1401 1450 1469 eloquentiam
1497 1416 1800 1466 omnesque
1846 1399 1962 1450 eius
2012 1405 2197 1466 partes

197 1514 379 1550 sacras
419 1506 474 1551 et
511 1496 850 1550 venerabiles
890 1503 1040 1564 put0‚
1081 1512 1180 1547 nec
1221 1494 1401 1547 solum
1447 1493 1775 1546 cothurnum
1814 1499 2056 1543 vestrum
2100 1497 2197 1541 aut

250 1607 319 1643 10.
352 1616 389 1644 2.
418 1603 554 1643 omnis
573 1604 626 1652 A,
647 1616 784 1643 omnes
804 1602 943 1650 CDH,
967 1615 1048 1640 om.
1072 1602 1117 1641 B.
1184 1613 1309 1653 aeque
1328 1600 1435 1648 Put.,
1455 1605 1579 1651 atque
1598 1597 1716 1638 codd.
1940 1607 1975 1646 3.
2004 1595 2198 1647 sequitur

157 1695 159 1698 .
196 1658 479 1708 EV2CADH,
504 1659 585 1697 and
614 1671 715 1698 corr.
737 1657 789 1705 A,
814 1656 1054 1708 insequitur
1082 1656 1171 1694 AB.
1282 1667 1322 1705 4.
1353 1654 1674 1693 rarissimarum
1701 1651 1837 1695 codd..
1862 1650 2195 1690 clarissimarum

195 1714 364 1759 Steiner,
378 1712 600 1752 rarissima
620 1711 776 1751 harum
796 1712 1020 1751 Andresen.
1188 1722 1224 1761 5.
1255 1708 1407 1748 nedum
1427 1712 1473 1758 b,
1496 1707 1677 1747 medium
1701 1707 1811 1746 ABC
1835 1708 2034 1756 (metrum
2056 1704 2100 1743 H
2121 1704 2192 1756 Sp.

195 1769 320 1819 Put.).
471 1768 508 1806 8.
538 1772 588 1807 ut
604 1767 727 1806 semel
744 1765 971 1816 Acidalius,
993 1770 1032 1805 et
1048 1765 1172 1804 semel
1187 1764 1308 1805 codd.
1455 1774 1518 1802 10.
1548 1774 1626 1801 sua
1646 1761 1726 1801 del.
1747 1761 1976 1809 Andresen,
1999 1758 2165 1798 Novak.

194 1870 266 1897 use
285 1857 320 1897 is
341 1856 469 1897 found
487 1854 716 1909 frequently
735 1855 776 1894 in
793 1854 1025 1906 vQuintilian
1047 1868 1056 1894 ε
1086 1867 1151 1894 see

194 1919 290 1953 note
324 1925 377 1952 on
407 1925 446 1952 Χ.
482 1924 517 1962 5,
558 1914 620 1951 18.
689 1911 738 1949 In
769 1910 916 1950 Cicero
944 1909 1084 1962 opinio
1117 1911 1152 1949 is

194 1966 404 2019 generally
423 1966 525 2005 used
540 1965 640 2005 with
659 1979 685 2005 a
703 1964 896 2016 genitive,
918 1978 964 2004 as
977 1969 987 1987 ‘
1003 1964 1149 2016 malig-

1291 1858 1465 1901 quotus
1499 1853 1715 1899 quisque,
1752 1853 1763 1872 ‘
1779 1849 1876 1889 how
1905 1847 2063 1889 seldom
2094 1846 2195 1886 does

1235 1921 1315 1960 any
1353 1906 1458 1957 one,’
1497 1909 1575 1946 &c.
1651 1905 1743 1946 The
1789 1904 1965 1944 formula
2013 1901 2195 1952 literally

1234 1976 1377 2003 means
1391 1967 1402 1986 ‘
1416 1962 1518 2002 each
1537 1961 1627 2000 unit
1647 1960 1696 2000 of
1710 1959 1822 2000 what
1836 1958 1973 1998 whole
1992 1955 2192 2004 number,v

193 2022 335 2061 nitatis
350 2020 585 2073 opinionem
599 2018 609 2035 '
630 2019 673 2059 in
694 2019 757 2058 ch.
777 2020 839 2060 15.
856 2017 881 2057 6
897 2019 1050 2058 below:
1084 2032 1150 2070 cp.

193 2075 383 2116 however
401 2087 477 2128 pro
496 2074 628 2124 Sulla,
651 2077 671 2122 ξ
693 2084 767 2113 10:
789 2086 866 2126 pro
886 2073 985 2125 Leg.
1004 2073 1149 2112 Manil.

252 2197 287 2225 2.
318 2197 463 2231 aeque
497 2212 508 2224 .
547 2214 556 2223 .
590 2213 601 2224 .
636 2194 778 2230 quam
834 2195 975 2222 occurs
1017 2194 1149 2221 some-

193 2240 314 2279 times
343 2239 432 2278 also
463 2238 505 2277 in
539 2237 709 2276 Plautus
741 2236 823 2276 and
853 2237 958 2288 Livy
986 2236 1048 2275 for
1080 2236 1149 2276 the

194 2306 309 2333 more
327 2292 514 2333 classical
533 2304 657 2344 aeque
677 2322 685 2331 .
709 2322 719 2332 .
742 2322 751 2331 .
775 2303 832 2330 ac.
889 2290 946 2330 So
973 2290 1083 2330 Hist.
1106 2291 1147 2330 ii.

198 2359 260 2394 10,
277 2359 325 2398 13
342 2360 351 2395 ;
371 2348 424 2387 iv.
442 2358 506 2398 54,
528 2348 550 2385 8
568 2360 578 2394 ;
598 2360 636 2386 v.
655 2358 694 2396 3,
714 2357 758 2384 11
780 2359 789 2386 ε
813 2346 921 2384 Ann.
938 2345 979 2384 ii.
997 2355 1060 2395 52,
1084 2353 1147 2396 17;

194 2403 248 2442 iv.
264 2415 331 2454 49,
346 2413 396 2453 9;
423 2402 503 2441 xiV.
522 2401 588 2451 38,
605 2408 640 2452 7.
681 2400 731 2439 In
744 2399 802 2438 all
816 2399 929 2439 these
943 2399 1147 2439 instances

194 2456 263 2496 the
283 2455 557 2496 construction
580 2455 614 2494 is
632 2455 821 2506 negative
842 2467 851 2493 z
881 2453 954 2494 D‘.
979 2457 998 2501 ξ
1026 2453 1116 2504 176.

249 2523 285 2562 3.
315 2513 538 2557 sequitur.
599 2510 655 2549 So
680 2509 821 2560 Quint.
842 2508 895 2548 iv.
927 2519 961 2558 1,
993 2519 1044 2559 14
1072 2521 1145 2560 po-

192 2571 322 2605 tentes
342 2564 522 2617 sequitur
539 2563 705 2603 invidia.

246 2633 284 2672 4.
314 2621 669 2667 rarissimarum,
719 2620 789 2657 ‘so
836 2617 915 2656 few
960 2617 1041 2656 and
1084 2616 1146 2656 far

190 2673 506 2723 between,'-of
539 2673 608 2712 the
646 2672 912 2725 productioris
954 2672 1002 2711 of
1038 2671 1143 2710 indi—

190 2728 367 2778 viduals,
383 2728 557 2768 without
570 2727 776 2779 implying
789 2726 880 2766 that
895 2725 1087 2778 readings
1102 2727 1142 2765 in

190 2783 356 2835 general
383 2795 488 2822 were
516 2794 678 2822 scarcez
705 2794 774 2833 cp.
797 2783 835 2821 9.
863 2793 910 2831 ¹4
929 2793 1024 2821 cum
1052 2787 1142 2820 toto

190 2843 298 2877 anno
332 2867 342 2876 .
378 2867 387 2877 .
420 2867 430 2878 .
461 2850 586 2876 unum
624 2836 774 2875 librum
811 2835 985 2875 excudit.
1060 2836 1142 2874 Im·

191 2897 356 2943 portant
392 2892 528 2931 works
563 2904 669 2930 were
716 2889 926 2942 produced
965 2889 1060 2940 only
1099 2895 1142 2929 at

191 2946 398 2995 intervals‚
436 2944 596 2997 though
642 2945 756 2985 there
792 2957 861 2984 are
898 2957 1021 2996 many
1058 2944 1140 2983 evi-

190 3000 337 3040 dences
367 3001 414 3040 of
440 3013 464 3039 a
493 3005 652 3052 greater
681 2999 851 3050 activity
875 2998 916 3037 in
947 2999 1018 3038 the
1046 3012 1138 3051 pro-

189 3054 357 3094 duction
389 3055 436 3094 of
460 3054 631 3106 slighter
661 3054 809 3107 pieces,
841 3053 1063 3105 especially
1094 3053 1136 3091 in

189 3108 259 3149 the
287 3109 454 3148 domain
473 3110 520 3148 of
538 3108 640 3160 lyric
659 3114 817 3160 poetry.
873 3107 1023 3146 Others
1042 3107 1137 3146 take

189 3162 506 3203 rarissimarum
553 3176 598 3203 as
618 3181 655 3195 =
675 3164 686 3183 ‘
702 3160 986 3211 remarkable‚’
1025 3174 1136 3201 com-

190 3217 334 3269 'paring
353 3219 453 3269 Agr.
473 3218 527 3257 iv.
550 3225 572 3269 7
602 3222 732 3257 mater
768 3229 883 3255 rarae
912 3215 1137 3256 castitatis:

188 3272 246 3311 ib.
266 3272 335 3311 vii.
361 3272 406 3311 16
435 3272 641 3312 rarissima
659 3271 911 3310 moderatio:
941 3270 1022 3310 and
1043 3270 1135 3310 sen.

191 3327 385 3366 Controv.
414 3326 469 3366 iv,
503 3327 551 3365 28
580 3326 634 3365 ad
666 3325 749 3372 fin„
779 3324 907 3364 homo
944 3324 1139 3364 rarissimi

193 3380 355 3420 etiamsi
375 3394 456 3420 non
476 3379 795 3420 emendatissimi
817 3379 983 3431 ingenii.

245 3446 282 3486 5.
310 3437 484 3474 nedum
519 3439 585 3474 ut..
648 3435 688 3474 A
724 3446 812 3473 rare
849 3433 1138 3482 construction,

189 3488 333 3537 found,
352 3488 554 3537 however,
573 3489 615 3527 in
634 3488 739 3540 Livy
758 3488 817 3527 iii.
842 3490 906 3539 14‘,
923 3487 948 3527 6
967 3501 1018 3527 ne
1036 3501 1138 3528 voce

189 3542 354 3634 ἓιιίᾱεῑη
390 3542 659 3591 incommodi,
690 3543 841 3582 nedum
878 3549 923 3582 ut
955 3542 1043 3582 ulla
1073 3543 1135 3581 vis

217 3602 325 3637 eret:
355 3610 418 3649 cp.
435 3598 574 3648 Quint.
598 3597 667 3636 xii.
692 3608 725 3645 1,
751 3607 817 3648 39.
875 3597 961 3636 For
981 3596 1134 3636 nedum

188 3651 292 3691 after
310 3648 546 3692 affirmative
566 3649 737 3701 clauses,
759 3664 824 3691 see
843 3664 897 3692 on
918 3651 983 3692 25.
1008 3662 1069 3691 10.

1235 2017 1261 2056 i.
1275 2030 1310 2057 e.
1332 2030 1409 2057 one
1428 2018 1469 2056 in
1488 2017 1583 2055 how
1602 2027 1741 2067 many,
1761 2014 1844 2054 and
1863 2027 1910 2053 so
1931 2016 1943 2033 ‘
1956 2013 2050 2052 how
2070 2010 2192 2051 small

1236 2085 1261 2111 a
1280 2069 1550 2124 proportion‚'
1573 2071 1585 2090 ‘
1599 2069 1697 2108 how
1717 2067 1820 2108 few.'

1294 2135 1328 2177 7.
1358 2129 1515 2172 Atque
1536 2127 1664 2164 adeo.
1727 2123 1844 2172 ‘Yes,
1867 2121 1946 2161 and
1965 2119 2000 2159 if
2015 2133 2093 2171 any
2113 2132 2192 2159 one

1235 2180 1335 2220 does
1363 2180 1438 2220 ask
1467 2180 1571 2219 after
1598 2178 1712 2217 him!
1769 2179 1848 2231 Cp.
1872 2178 1937 2216 14.
1958 2175 1983 2214 6
2003 2175 2137 2214 where
2158 2176 2192 2214 it

1242 2236 1418 2274 =immo
1438 2234 1587 2286 potius.

1289 2290 1327 2330 8.
1357 2294 1412 2328 ut
1441 2291 1585 2328 semel
1607 2289 1743 2326 vidit.
1803 2285 1907 2325 This
1933 2284 2114 2324 reminds
2142 2297 2189 2323 us

1233 2343 1281 2383 of
1322 2342 1462 2395 Livy’s
1499 2342 1678 2382 admirer
1698 2355 1708 2382 t
1749 2351 2011 2392 nunquamne
2051 2338 2188 2390 legisti

1230 2398 1487 2437 Gaditanum
1524 2396 1727 2449 quendam
1766 2395 1852 2434 Titi
1891 2394 1984 2433 Livi
2021 2394 2188 2432 nomine

1230 2452 1446 2504 gloriaque
1474 2456 1728 2491 commotum
1758 2449 1812 2489 ad
1841 2448 2055 2488 visendum
2092 2460 2187 2487 eum

1231 2508 1285 2546 ab
1300 2506 1450 2546 ultimo
1465 2512 1660 2546 terrarum
1681 2506 1779 2544 orbe
1797 2503 1952 2543 venisse
1967 2502 2187 2553 statimque

1229 2568 1275 2600 ut
1294 2561 1452 2601 viderat
1471 2560 1605 2600 abisse
1619 2561 1637 2598 ’Β
1694 2558 1799 2599 Plin.
1822 2558 1931 2610 Epp.
1952 2557 1994 2596 ii.
2019 2569 2057 2607 3,
2079 2556 2114 2594 8.

1288 2627 1350 2655 10.
1380 2618 1446 2656 sie
1467 2615 1614 2661 accipi
1630 2619 1891 2660 tamquam:
1923 2612 2064 2663 Quint.
2082 2610 2124 2651 ii.
2146 2622 2184 2661 3,

1232 2682 1293 2710 10.
1372 2703 1376 2706 ,

1286 2736 1347 2764 12.
1378 2727 1613 2764 oblectare
1661 2724 1822 2762 otium.

1227 2792 1368 2820 occurs
1388 2780 1526 2830 again,
1547 2779 1654 2817 Ann.
1675 2777 1746 2817 xii.
1767 2788 1836 2828 49,
1856 2789 1895 2827 4.

1281 2847 1456 2873 nomen
1484 2837 1690 2872 inserere
1712 2862 1721 2872 .
1745 2861 1754 2870 .
1778 2861 1786 2869 .
1807 2833 1956 2869 famae
1974 2843 1983 2869 z
2014 2832 2026 2852 ‘
2042 2828 2138 2881 gain
2158 2841 2183 2867 a

1223 2888 1344 2928 niche
1364 2889 1405 2927 in
1426 2888 1494 2927 the
1520 2887 1674 2939 temple
1703 2885 1752 2926 of
1774 2883 1911 2924 fame.'
1966 2884 2006 2923 A
2026 2883 2183 2923 similar

1224 2943 1456 2995 expression
1477 2943 1512 2982 is
1531 2941 1660 2981 found
1681 2941 1790 2979 Hist.
1807 2939 1848 2978 ii.
1865 2937 1932 2987 61,
1958 2950 1977 2977 2
2007 2939 2182 2978 inserere

1223 3010 1310 3037 sese
1348 2997 1555 3036 fortunae:
1605 3009 1668 3047 cp.
1701 2995 1808 3033 Ann.
1849 2993 1901 3032 vi.
1944 3004 1983 3041 2,
2021 3001 2041 3042 7
2081 2993 2181 3030 dum

1223 3051 1529 3102 ignobilitatem
1576 3062 1692 3089 suam
1739 3048 1900 3100 magnis
1946 3046 2181 3086 nominibus

1218 3105 1369 3145 inserit.

1279 3171 1340 3210 13.
1371 3161 1689 3205 eloquentiam
1712 3169 1721 3196 ε
1783 3155 1879 3195 here
1940 3153 2180 3207 practically

1221 3225 1498 3266 synonymous
1526 3212 1626 3252 with
1662 3214 1673 3233 ‘
1686 3206 1921 3251 literature.’
1979 3208 2179 3260 Literally

1222 3270 1233 3290 ‘
1248 3267 1480 3308 utterance.'

1281 3334 1342 3373 14.
1376 3325 1657 3362 cothurnum
1689 3324 1911 3359 vestrum.
1970 3318 2048 3370 Cp.
2079 3317 2178 3357 ‘the

1222 3375 1412 3416 buskin'd
1432 3383 1546 3428 stage
1561 3374 1571 3392 '
1592 3374 1802 3426 (Milton).
1860 3373 1915 3412 So
1932 3372 2036 3411 Hor.
2059 3372 2111 3410 A.
2129 3372 2175 3410 P.

1223 3432 1276 3470 80
1289 3437 1488 3471 contrasts
1501 3432 1570 3470 the
1582 3442 1714 3468 soccus
1728 3426 1898 3480 (κρηπίς)
1917 3439 1963 3465 or
1980 3429 1990 3447 ‘
2000 3425 2156 3478 slipper
2165 3425 2175 3441 ’

1222 3487 1270 3526 of
1292 3485 1465 3537 comedy
1483 3484 1584 3525 with
1613 3483 1681 3523 the
1703 3482 1883 3535 grandes
1910 3480 2106 3520 cothurni
2133 3480 2182 3520 of

1214 3546 1278 3580 tra
1310 3540 1399 3591 edy.

1272 3554 1497 3643 *grear-um,
1511 3591 1633 3632 while
1652 3590 1870 3631 addressed
1883 3594 1928 3629 to
1944 3589 2170 3638 Maternus,

1218 3650 1254 3690 is
1273 3649 1393 3689 made
1412 3654 1457 3689 to
1475 3647 1640 3689 include
1661 3645 1730 3686 the
1747 3646 1862 3686 other
1880 3644 2010 3696 tragic
2030 3650 2158 3697 poets.

1898 2720 1989 2760 The
2038 2719 2186 2772 phrase
