2424 4166
217 253 282 308 72
877 238 1265 289 CORNELII
1300 238 1387 287 TA
1402 239 1574 290 CITI

138 407 187 447 15
214 403 380 438 ausus
417 393 513 446 est,
543 384 586 442 si
619 384 683 436 iis
719 388 1066 451 comparetur
1103 382 1198 450 qui
1237 388 1431 450 postea
1470 380 1702 445 fuerunt,
1740 397 1904 449 posse
1942 388 2220 434 oratorem

212 480 411 540 vocari,
453 494 792 546 quamquam
833 477 887 527 in
926 493 1127 545 magna
1170 482 1328 543 parte
1370 474 1635 527 librorum
1675 476 1897 526 suorum
1938 474 2062 543 plus
2095 473 2221 526 bilis

212 573 417 625 habeat
443 589 612 640 quam
644 570 940 640 sanguinis.
1019 569 1233 621 Primus
1261 569 1405 621 enim
1439 575 1765 636 contempto
1801 568 1994 620 ordine
2020 584 2218 629 rerum,

214 665 418 719 omissa
454 665 728 718 modestia
760 681 824 716 ac
855 663 1065 731 pudore
1099 663 1408 727 verborum,
1444 663 1577 732 ipsis
1616 663 1786 715 etiam
1814 661 2010 730 quibus
2049 661 2224 714 utitur

215 760 383 812 armis
425 759 821 826 incompositus
861 767 916 811 et
953 759 1141 810 studio
1183 757 1408 810 feriendi
1448 758 1773 826 plerumque
1811 756 2074 819 deiectuS,
2112 770 2224 808 non

139 878 190 905 20
215 860 443 922 pugnat,
471 853 569 904 sed
606 852 830 904 rixatur.
910 850 1187 914 Ceterum,
1215 858 1277 902 ut
1313 851 1447 911 dixi,
1474 851 1834 918 sequentibus
1869 857 2224 918 comparatus

217 954 271 997 et
306 947 571 998 varietate
610 945 930 997 eruditionis
969 952 1024 996 et
1063 944 1249 1013 lepore
1290 943 1614 995 urbanitatis
1652 950 1708 995 et
1747 944 1988 1011 ipsarum
2027 942 2222 994 virium

216 1039 410 1091 robore
437 1038 671 1090 multum
700 1046 910 1090 ceteros
938 1044 1175 1104 superat,
1196 1054 1430 1105 quorum
1458 1037 1736 1088 neminem
1760 1036 1914 1104 Aper
1940 1035 2226 1087 nominare

217 1142 271 1184 et
297 1131 448 1185 velut
475 1132 530 1183 in
558 1132 734 1183 aciem
762 1132 992 1184 educere
1019 1131 1294 1183 sustinuit.
1372 1131 1498 1198 Ego
1525 1138 1713 1183 autem
1740 1128 2136 1197 exspectabam
2164 1136 2224 1180 ut

218 1226 468 1278 incusato
486 1224 688 1277 Asinio
716 1232 772 1276 et
802 1224 990 1277 Caelio
1019 1233 1078 1278 et
1093 1224 1266 1277 Calvo
1292 1223 1441 1276 aliud
1470 1224 1630 1276 nobis
1657 1240 1857 1292 agmen
1884 1224 2228 1291 produceret,

135 1341 164 1391 ¹2
172 1341 193 1380 5
219 1320 511 1388 pluresque
530 1318 617 1370 vel
646 1327 790 1371 certe
817 1319 1055 1371 totidem
1078 1319 1401 1383 nominaret,
1428 1334 1502 1369 ex
1529 1318 1729 1386 quibus
1755 1318 1926 1370 alium
1957 1315 2226 1377 Ciceroni,

217 1414 386 1466 alium
433 1413 672 1475 Caesari,
728 1412 958 1481 singulis
1010 1412 1210 1465 deinde
1260 1411 1509 1479 singulos
1561 1428 1986 1480 opponeremus.
2064 1410 2228 1462 Nunc

218 1509 555 1560 detrectasse
605 1507 932 1559 nominatim
985 1507 1243 1575 antiquos
1299 1514 1544 1559 oratores
1608 1513 1899 1558 contentus
1949 1504 2229 1557 neminem

218 1601 569 1669 sequentium
608 1600 835 1653 laudare
875 1617 1041 1652 ausus
1079 1608 1164 1652 est
1195 1600 1297 1652 nisi
1336 1600 1391 1652 in
1427 1600 1710 1668 publicum
1745 1607 1800 1652 et
1833 1599 1889 1650 in
1923 1614 2230 1661 commune,

277 1752 340 1793 15.
362 1747 477 1804 posse
494 1747 604 1781 most
623 1740 744 1781 codd.
749 1746 866 1794 ,post
882 1754 922 1781 se
941 1741 994 1790 A,
1011 1741 1149 1793 pos*se
1170 1741 1218 1782 B.
1389 1740 1453 1781 16.
1482 1741 1579 1781 bzlz's
1595 1740 1823 1794 Wopkens,
1842 1739 1909 1780 vis
1931 1739 2054 1780 codd.
2075 1738 2232 1791 (others

219 1797 325 1845 τινί,
336 1810 438 1844 sucz,
453 1796 607 1845 carnis,
619 1794 727 1847 &c.).
845 1804 906 1848 17.
928 1801 1149 1849 contempto
1166 1796 1353 1847 ABEV2‚
1370 1801 1552 1836 contento
1567 1796 1749 1836 CADH.
1864 1806 1926 1848 19.
1946 1794 2083 1834 studio
2098 1795 2135 1834 E
2149 1794 2232 1834 and

220 1852 328 1898 edd„
351 1851 506 1891 studzzs
533 1828 653 1891 codd.
710 1851 885 1890 dezectus
914 1851 1190 1900 ABEV2AH‚
1220 1851 1406 1890 devectus
1432 1851 1525 1899 DC,
1547 1851 1720 1890 detectus
1748 1851 1914 1903 Lipsius
1937 1850 2035 1902 (and
2064 1862 2112 1889 so
2140 1849 2232 1888 also

221 1905 379 1953 Heller,
405 1906 652 1958 Philologus
680 1905 724 1946 li.
746 1919 786 1958 p.
811 1905 922 1958 349).
1092 1918 1111 1945 2
1119 1918 1142 1957 3
1184 1907 1299 1946 velut
1317 1911 1425 1945 most
1450 1881 1583 1950 codd..
1605 1905 1700 1944 vult
1718 1905 1757 1943 A
1786 1905 1869 1945 and
1899 1902 2159 1956 (originally)
2184 1904 2230 1942 B.

222 1973 285 2012 24.
316 1961 503 2000 incusato
531 1961 716 2009 EV2CA,
748 1960 798 1999 z‘n
831 1963 987 2000 Curato
1016 1961 1069 2010 A,
1100 1961 1148 2000 in
1177 1966 1320 1999 curato
1350 1960 1407 2010 H,
1439 1960 1630 1999 incurate
1660 1961 1751 2001 BD.
1921 1970 1987 2011 25.
2007 1958 2233 2011 plurisque

220 2016 406 2064 ABEV2,
418 2015 632 2067 plerisque
651 2015 833 2055 DCAH.
983 2014 1045 2053 26.
1075 2017 1205 2055 Nunc
1225 2014 1461 2061 Rhenanus,
1482 2027 1566 2054 non
1586 2015 1708 2055 codd.
1857 2015 1923 2055 28.
1953 2014 2002 2054 in
2020 2025 2233 2054 commune

220 2071 397 2119 ABAH,
419 2071 468 2108 in
487 2083 656 2109 comune
673 2071 766 2118 ED,
788 2070 835 2108 z‘n
854 2083 972 2109 omne
993 2070 1041 2110 C.

284 2186 345 2229 16.
375 2190 483 2234 plus
513 2190 640 2227 bilis.
697 2186 755 2227 So
791 2186 933 2238 Quint.
966 2201 1006 2227 x.
1041 2198 1075 2233 1,
1109 2195 1184 2239 117

222 2256 321 2283 nam
355 2248 396 2282 et
430 2243 585 2294 ingenii
623 2242 850 2295 plurimum
889 2247 950 2282 est
988 2243 1030 2281 in
1065 2256 1116 2282 eo
1146 2250 1187 2283 et

223 2297 423 2338 acerbitas
442 2298 548 2336 mira
572 2303 613 2337 et
640 2297 852 2337 urbanitas
875 2303 917 2338 et
944 2297 1094 2346 fervor,
1115 2297 1188 2337 sed

222 2353 317 2406 plus
337 2353 552 2392 stomacho
569 2365 694 2405 quam
710 2352 886 2392 consilio
903 2352 1028 2391 dedit.
1066 2352 1186 2391 Prae·

222 2415 334 2448 terea
353 2413 398 2447 ut
422 2407 553 2447 amari
575 2407 694 2456 sales,
716 2407 775 2446 ita
794 2407 1023 2460 frequenter
1041 2406 1187 2446 amari-

223 2463 327 2503 tudo
346 2463 438 2515 ipsa
457 2461 632 2502 ridicula
651 2467 725 2502 est.

284 2529 348 2569 19.
380 2519 523 2556 armis
554 2518 923 2564 incompositus:
955 2516 1191 2557 ‘awkward

226 2573 327 2611 with
347 2571 417 2611 the
436 2570 658 2623 weapons,’
681 2574 758 2611 &c.
804 2571 886 2610 For
904 2571 974 2611 the
992 2571 1188 2620 ablative,

225 2627 381 2666 editors
402 2632 525 2678 quote
542 2626 684 2677 Quint.
703 2627 755 2664 iv.
772 2638 812 2676 5,
831 2636 879 2664 10
892 2625 1191 2677 incompositus

226 2682 424 2720 moribus.
484 2680 576 2719 The
587 2680 886 2732 juxtaposition
903 2680 949 2719 of
959 2693 1036 2728 res,
1051 2680 1189 2729 verba,

228 2736 308 2775 and
329 2735 621 2787 incompositus
638 2733 779 2773 would
803 2734 1011 2787 naturally
1031 2735 1123 2773 lead
1144 2747 1191 2774 us

227 2796 271 2830 to
293 2795 438 2841 expect
458 2791 500 2828 in
519 2789 588 2829 the
620 2788 700 2828 last
730 2802 755 2828 a
784 2789 985 2828 reference
1014 2794 1059 2828 to
1088 2802 1192 2828 com-

220 2844 387 2897 positio,
426 2843 468 2882 in
505 2850 663 2895 respect
703 2843 750 2882 of
781 2844 919 2883 which
953 2843 1122 2883 Cassius
1156 2845 1191 2883 is

228 2897 427 2939 censured
454 2899 508 2950 by
530 2898 592 2937 M.
624 2898 807 2938 Seneca:
837 2911 903 2950 cp.
925 2898 991 2938 21.
1015 2906 1078 2950 17,
1108 2898 1190 2938 and

231 2955 376 3004 Quint.
413 2966 451 2992 X.
490 2963 526 3002 3,
564 2965 589 3005 9
619 2965 685 2991 res
714 2982 724 2992 .
746 2982 756 2992 .
779 2982 787 2990 .
817 2952 943 2991 verba
977 2982 986 2992 .
1010 2983 1019 2992 .
1042 2982 1053 2993 .
1088 2965 1192 2992 com-

222 3008 390 3060 positio,
424 3019 443 3046 2
478 3011 498 3056 §
527 3019 586 3058 13,
625 3019 641 3045 1
682 3010 702 3055 ξ
736 3008 826 3046 118.
885 3007 965 3047 But
998 3007 1031 3047 it
1061 3020 1191 3047 seems

234 3065 363 3102 better
384 3067 428 3101 to
448 3062 545 3102 take
562 3062 854 3115 incompositus
873 3063 915 3101 in
936 3062 1007 3102 the
1025 3061 1191 3114 general

233 3130 347 3157 sense
377 3117 424 3156 of
449 3115 740 3165 ‘disordered,'
769 3117 811 3155 in
841 3117 978 3156 which
1007 3117 1040 3156 it
1067 3118 1102 3156 is
1120 3130 1191 3169 ap-

232 3172 444 3224 propriate
471 3178 516 3211 to
544 3173 616 3212 the
644 3172 824 3222 military
860 3172 1012 3224 figures
1045 3172 1086 3211 in
1121 3172 1191 3212 the

233 3232 423 3267 context:
457 3226 676 3266 elsewhere
706 3226 748 3265 in
778 3226 950 3266 Tacitus
978 3227 1047 3266 the
1076 3226 1191 3266 word

233 3282 269 3320 is
307 3281 407 3320 used
446 3281 544 3333 only
583 3280 630 3320 of
662 3280 734 3320 the
781 3280 1020 3320 disordered
1073 3294 1191 3333 array

235 3335 283 3376 of
311 3349 363 3374 an
394 3349 521 3388 army,
559 3335 673 3375 Hist.
707 3335 750 3375 ii.
781 3346 850 3386 40,
883 3335 939 3383 6;
968 3334 1026 3374 iii.
1048 3337 1115 3386 48,
1141 3346 1189 3384 33

235 3391 289 3429 iv.
309 3402 374 3440 34,
398 3401 461 3439 19.
518 3390 684 3430 Cassius
703 3390 776 3429 did
794 3395 867 3429 not
885 3390 1010 3430 know
1028 3389 1125 3430 how
1146 3397 1189 3430 to

234 3445 386 3483 handle
415 3445 479 3484 his
505 3457 731 3496 weapons:
760 3457 825 3496 cp.
855 3443 927 3485 the
953 3457 1025 3484 use
1053 3444 1099 3483 of
1123 3445 1190 3483 in·

237 3498 494 3538 habilis.—F
498 3512 544 3538 or
590 3511 713 3538 arma
755 3499 798 3538 in
838 3498 920 3539 this
962 3511 1080 3538 sense
1127 3512 1193 3552 cp.

240 3554 380 3604 Quint.
403 3567 441 3592 x.
468 3565 504 3603 1,
526 3565 604 3604 303
634 3553 704 3592 xii.
727 3565 766 3605 5,
798 3564 834 3594 1.
890 3553 982 3593 The
1010 3553 1196 3605 military

236 3614 334 3646 tone
358 3608 406 3646 of
420 3608 489 3647 the
510 3621 681 3659 passage
702 3608 737 3647 is
756 3607 854 3660 kept
868 3621 924 3660 up
944 3608 986 3647 in
1004 3608 1052 3647 in
1066 3609 1194 3647 aciem

234 3662 440 3712 deducere,
461 3662 542 3701 and
561 3675 708 3714 agmen
718 3663 958 3715 producere,
979 3662 1126 3704 below.

1326 2191 1651 2235 plerumque:
1663 2200 1812 2241 saepe:
1843 2200 1910 2228 see
1930 2200 1985 2228 on
2006 2188 2044 2228 6.
2067 2187 2106 2226 3.

1328 2246 1553 2292 deiectus,
1588 2255 1643 2283 se.
1677 2243 1729 2283 de
1762 2243 1921 2294 gradu:
1961 2255 2025 2295 cp.
2058 2241 2148 2282 Cic.
2182 2240 2235 2281 de

1273 2296 1354 2338 Off.
1401 2309 1419 2336 1
1465 2302 1485 2345 §
1523 2299 1576 2337 80
1625 2298 1947 2337 tumultuantem
1998 2297 2050 2337 de
2102 2296 2235 2349 gradu

1272 2352 1392 2398 deici,
1413 2359 1459 2392 ut
1479 2352 1644 2401 dicitur,
1665 2353 1803 2393 where
1819 2351 1994 2392 Holden
2008 2351 2148 2404 points
2161 2357 2235 2391 out

1275 2407 1365 2447 that
1375 2407 1536 2459 gradus
1552 2408 1636 2460 (cp.
1656 2407 1704 2446 de
1722 2412 1847 2454 statu,
1866 2407 1938 2447 Or.
1959 2411 1979 2456 ξ
2000 2417 2017 2445 1
2030 2405 2098 2459 29)
2111 2407 2148 2446 is
2165 2405 2235 2446 the

1275 2469 1444 2514 posture
1466 2462 1514 2501 of
1529 2475 1554 2501 a
1572 2475 1668 2500 man
1689 2462 1790 2502 with
1817 2461 1882 2502 his
1901 2461 1991 2514 legs
2009 2467 2129 2514 apart
2147 2475 2157 2502 ε
2187 2473 2234 2500 so

1275 2517 1367 2556 that
1385 2516 1455 2555 the
1475 2515 1603 2569 figure
1624 2518 1659 2556 is
1680 2516 1803 2556 taken
1822 2517 1930 2556 from
1949 2530 1975 2556 a
1996 2517 2235 2556 combatant

1274 2571 1371 2611 who
1391 2571 1500 2610 loses
1521 2572 1584 2610 his
1610 2571 1784 2611 balance
1810 2571 1992 2622 through
2022 2582 2236 2623 eagerness

1275 2632 1320 2665 to
1359 2626 1486 2665 strike
1524 2626 1606 2665 and
1643 2626 1678 2665 is
1715 2626 1810 2666 thus
1857 2626 2043 2666 ‘thrown
2081 2624 2143 2665 off
2170 2625 2236 2664 his

1274 2681 1406 2732 guard
1422 2678 1459 2719 ':
1491 2693 1555 2732 cp.
1578 2680 1716 2731 Quint.
1739 2680 1791 2719 iv.
1818 2691 1853 2730 2,
1878 2679 1929 2720 26
1957 2680 2000 2720 in
2026 2692 2235 2720 armorum

1275 2735 1435 2774 ratione
1477 2735 1686 2786 antiquior
1725 2735 1897 2774 cavendi
1935 2747 2060 2787 quam
2105 2734 2234 2774 ictum

1276 2789 1476 2828 inferendi
1496 2802 1592 2828 cura
1612 2795 1685 2828 est.
1743 2789 1800 2829 So
1831 2789 1887 2828 ad
1906 2790 1997 2829 Att.
2017 2789 2099 2829 xvi.
2126 2799 2189 2840 15,
2210 2800 2234 2838 3

1276 2843 1380 2882 mihi
1427 2843 1589 2883 videtur
1616 2873 1625 2883 .
1663 2873 1672 2882 .
1709 2873 1719 2882 .
1748 2844 1929 2883 deiectus
1976 2844 2028 2884 de
2075 2844 2236 2896 gradu:

1278 2898 1403 2938 Tusc.
1427 2898 1469 2938 ii.
1495 2900 1515 2945 ξ
1540 2899 1590 2948 58
1612 2898 1663 2938 de
1689 2898 1906 2950 dignitatis
1932 2898 2066 2951 gradu
2092 2898 2235 2938 demo·

1278 2953 1392 2993 veri:
1421 2965 1498 3005 pro
1519 2953 1642 2992 Caec.
1667 2956 1687 3001 ξ
1710 2964 1777 3004 42.

1331 3018 1393 3047 20.
1423 3010 1620 3056 rixatur,
1643 3007 1720 3047 of‘
1734 3005 1964 3061 brawling,’
1983 3020 2030 3048 as
2048 3006 2236 3061 opposed

1278 3066 1322 3099 to
1341 3061 1536 3102 scientific
1555 3038 1745 3124 fighting.
1805 3062 1948 3114 Quint
1967 3063 2011 3103 ii.
2036 3074 2100 3112 12,
2124 3075 2144 3102 2
2167 3063 2237 3116 qui

1277 3129 1485 3156 armorum
1504 3117 1656 3157 inscius
1685 3117 1726 3157 in
1755 3117 1887 3157 rixam
1907 3117 2017 3158 ruit:
2046 3117 2101 3158 vi.
2121 3130 2163 3170 4,
2184 3130 2237 3170 9:

1276 3171 1330 3210 xi.
1356 3182 1389 3220 1,
1416 3184 1435 3212 2

1335 3238 1400 3266 22.
1431 3184 1624 3267 09eteros.
1683 3225 1819 3266 There
1852 3227 1888 3266 is
1915 3239 1941 3266 a
1970 3225 2100 3279 slight
2125 3225 2236 3266 awk-

1275 3281 1483 3321 wardness
1528 3281 1570 3320 in
1611 3286 1766 3331 ceteros,
1806 3282 1910 3322 after
1944 3281 2239 3352 sequentibus.

1277 3336 1482 3375 Baehrens
1501 3336 1739 3404 proposed‘
1750 3335 1943 3385 cunctos?
1962 3336 2126 3375 Halm‘
2140 3333 2239 3376 eos?

1334 3401 1398 3440 23.
1429 3394 1705 3430 sustinuit:
1715 3388 1830 3440 ἔτλη,
1854 3390 1952 3429 ‘did
1979 3397 2051 3430 not
2071 3397 2238 3431 venture

1281 3443 1352 3494 to‚'
1375 3444 1527 3484 ‘could
1548 3450 1622 3484 not
1653 3445 1771 3496 bring
1798 3444 1971 3485 himself
1993 3442 2064 3485 to’
2087 3445 2237 3485 .Hist.

1281 3499 1308 3540 i.
1332 3508 1396 3551 37.
1455 3499 1559 3538 This
1579 3511 1649 3540 use
1668 3499 1703 3539 is
1723 3511 1918 3540 common
1937 3499 1979 3539 in
1999 3499 2124 3549 Ovid,
2145 3499 2238 3540 also

1281 3553 1322 3592 in
1345 3553 1590 3605 Quintilian.

1340 3609 1402 3648 28.
1433 3611 1484 3647 in
1503 3610 1749 3655 publicum
1770 3626 1807 3642 ==
1837 3607 1878 3648 in
1898 3609 2146 3659 universum,
2168 3613 2180 3633 ‘
2195 3609 2238 3649 in

1281 3661 1476 3715 general.'
1534 3663 1612 3716 Cp.
1652 3664 1762 3703 Ann.
1793 3663 1880 3704 xiii.
1912 3664 1975 3715 56,
2007 3676 2035 3716 4
2063 3663 2166 3705 haec
2194 3665 2237 3704 in
