2424 4166
259 239 293 295 5
302 232 340 282 6
931 231 1320 283 CORNELII
1357 232 1444 282 TA
1457 232 1544 285 CI
1544 231 1631 282 TI

260 390 497 443 quorum
540 374 638 427 vix
683 373 866 439 risum,
906 374 963 425 in
1007 373 1339 442 quibusdam
1383 381 1570 426 autem
1619 374 1719 427 vix
1763 389 2020 426 somnum
2064 380 2264 427 tenere.

261 469 382 521 Nec
413 485 583 520 unum
610 470 680 521 de
718 467 925 537 populo
966 466 1169 520 Canuti
1209 475 1304 520 aut
1330 466 1458 521 Atti
1484 466 1517 504 '¹‘
1544 465 1578 503 '¹‘
1603 468 1675 520 de
1708 468 1911 520 Furnio
1940 475 1997 520 et
2023 466 2265 520 Toranio

261 562 468 630 quique
505 561 611 614 alii
650 579 833 615 omnes
873 562 928 614 in
975 562 1172 614 eodem
1215 560 1617 614 valetudinario
1667 561 1804 614 haec
1850 578 1977 614 ossa
2021 569 2077 613 et
2122 562 2265 615 hanc

214 670 237 711 5
263 656 495 707 maciem
538 656 835 723 praebent:
889 655 1007 724 ipse
1051 655 1183 706 mihi
1228 654 1447 718 CalvuS,
1483 672 1609 707 cum
1647 671 1818 706 unum
1863 662 1919 708 et
1955 654 2166 723 viginti,
2205 661 2268 706 ut

260 757 414 816 put0,
455 749 624 801 libros
670 748 967 816 reliquerit,
1010 748 1108 800 vix
1158 750 1214 800 in
1254 765 1365 800 una
1414 756 1470 801 et
1513 747 1686 800 altera
1735 746 2080 801 oratiuncula
2132 747 2268 800 satis

260 843 405 896 facit.
479 843 533 894 N
538 860 600 895 ec
631 842 918 895 dissentire
943 850 1157 894 ceteros
1194 841 1266 894 ab
1303 841 1411 893 hoc
1447 858 1572 893 meo
1600 841 1802 895 iudicio
1827 842 2025 905 vide03
2063 849 2268 909 quotus

261 937 407 988 enim
434 936 666 1004 quisque
694 935 849 988 Calvi
870 936 925 986 in
943 935 1190 987 Asitium
1218 942 1315 987 aut
1342 934 1397 986 in
1419 934 1665 986 Drusum
1693 933 1870 1002 legit?
1934 935 2019 988 At
2048 935 2269 989 hercule

315 1061 353 1099 3.
383 1049 502 1089 After
515 1048 616 1088 Atti
634 1047 766 1087 Halm
785 1060 987 1100 supposes
1000 1061 1025 1087 a
1041 1047 1190 1087 lacuna
1207 1061 1218 1093 ;
1257 1046 1357 1088 read
1376 1047 1557 1100 perhaps
1574 1050 1585 1071 ‘
1600 1046 1643 1087 N
1644 1061 1691 1088 ec
1703 1060 1830 1088 unum
1849 1047 1900 1088 de
1921 1047 2096 1100 popu10‚
2115 1047 2269 1089 Canuti

261 1104 358 1154 (Hb
379 1104 487 1152 Put.,
507 1103 671 1142 Sanuti
688 1103 733 1151 B,
757 1103 924 1142 Ganuti
941 1101 1037 1154 AC)
1056 1108 1126 1142 aut
1143 1103 1234 1142 Atti
1253 1102 1433 1154 ineptias
1452 1100 1698 1155 referentem
1726 1103 1908 1150 nomino,
1928 1114 2012 1144 non
2031 1101 2195 1154 disputo
2213 1102 2268 1142 de

260 1156 443 1205 Furnio,'
464 1160 540 1198 &c.
598 1158 713 1197 Most
732 1157 827 1197 edd.
844 1156 964 1209 (after
984 1158 1222 1197 Gronovius
1248 1158 1330 1196 and
1349 1156 1610 1210 Nipperdey)
1633 1157 1728 1197 read
1752 1160 1763 1180 ‘
1780 1157 1823 1196 N
1825 1170 1871 1197 ec
1890 1169 2016 1196 unum
2036 1157 2088 1197 de
2107 1156 2267 1210 populo

259 1212 480 1252 nominabo
508 1212 733 1252 Canutium
762 1217 832 1251 aut
862 1211 1030 1251 Arrium
1058 1211 1125 1251 vel
1155 1211 1333 1251 Fumios
1361 1218 1402 1252 et
1429 1210 1660 1252 Toranios.‘
1962 1210 2143 1251 Toranio
2172 1211 2268 1261 BH,

264 1267 444 1308 Coranio
464 1266 598 1306 ADC.
847 1278 888 1317 4.
916 1266 1071 1319 quique
1090 1266 1173 1305 alii
1185 1277 1323 1306 omnes
1341 1266 1376 1306 is
1394 1279 1465 1318 my
1479 1266 1600 1316 conj.,
1614 1265 1769 1319 quique
1787 1266 1892 1306 alios
1908 1266 1984 1305 AB
2003 1266 2047 1319 (i.
2062 1278 2099 1306 e.
2114 1266 2172 1305 ali
2182 1265 2268 1317 δῖ),

173 1366 178 1371 ,
259 1322 364 1361 alios
380 1322 513 1369 CAD,
534 1333 613 1374 que
630 1320 736 1360 alios
755 1321 862 1370 EV2.
1055 1321 1165 1360 hanc
1184 1320 1356 1360 maciem
1376 1320 1515 1370 codd.,
1533 1321 1630 1360 haec
1648 1321 1798 1360 macies
1818 1321 2052 1361 Gronovius
2070 1320 2151 1361 and
2170 1320 2267 1361 edd.

261 1388 301 1427 5.
322 1376 523 1427 praebent
542 1376 690 1425 Ritter,
710 1375 894 1427 probant
912 1375 1051 1423 codd„
1064 1375 1255 1427 produnt
1274 1375 1502 1420 Acidalius‚
1515 1374 1770 1427 praeferunt
1789 1374 1936 1418 Wolff.
2007 1376 2047 1416 8.
2077 1375 2271 1416 Asitium

259 1431 524 1481 ABCADH,
543 1430 738 1470 Asicium
754 1431 805 1479 E,
825 1429 960 1470 asicizi
980 1430 1052 1482 V2.
1074 1429 1237 1470 hercule
1256 1430 1459 1481 CDEV2:
1491 1431 1622 1470 hercle
1640 1430 1729 1470 AB.

317 1538 356 1577 3.
379 1539 530 1566 unum
548 1529 607 1566 de
626 1529 816 1575 populo,
842 1529 854 1548 ‘
870 1540 949 1567 one
969 1527 1018 1567 of
1030 1527 1099 1567 the
1118 1525 1223 1566 rank
1308 1527 1565 1580 sanguinem.
1638 1527 1718 1580 Cp.
1759 1527 1908 1577 below,
1948 1526 2095 1568 Oratio
2131 1531 2272 1567 autem

261 1582 342 1621 and
379 1581 477 1621 file.'
549 1582 626 1633 Cp.
670 1582 760 1622 Cic.
801 1582 914 1622 Brut.
959 1586 980 1630 ξ
1023 1593 1103 1632 320
1138 1595 1221 1621 non
1308 1582 1415 1622 sicut
1453 1594 1604 1635 corpus
1640 1582 1834 1631 hominis,
1870 1585 1959 1631 &c.,
1994 1581 2078 1622 and
2112 1594 2180 1622 see
2215 1594 2271 1622 on

261 1636 396 1688 quivis
431 1648 536 1676 unus
573 1649 623 1676 ex
661 1635 820 1689 populo
853 1636 926 1677 sed
964 1636 1225 1677 existimator
1309 1637 1449 1688 Quint.
1484 1650 1524 1676 x.
1561 1648 1597 1686 1,
1635 1640 1683 1685 §5
1721 1648 1785 1688 33,
1822 1635 1891 1686 60,
1928 1635 2142 1689 77.—The
2179 1635 2270 1677 MS.

244 1692 431 1731 ·doctus:
462 1691 514 1731 de
530 1691 620 1730 Fin.
638 1691 679 1731 ii.
696 1702 760 1740 20,
778 1689 832 1731 66
847 1705 976 1731 unum
989 1692 1040 1732 de
1054 1692 1222 1732 multis:

262 1745 315 1786 de
336 1744 419 1785 Off.
436 1746 464 1785 i.
488 1749 508 1793 ξ
534 1757 623 1798 109.

320 1803 517 1840 Canuti:
603 1799 809 1853 probably
883 1801 929 1840 P.
1006 1799 1223 1849 Canutius,

262 1855 404 1895 whom
425 1855 571 1895 Cicero
590 1855 794 1895 mentions
822 1855 866 1895 in
892 1855 1040 1895 Brutus
1064 1855 1103 1908 (ξ
1125 1854 1222 1906 205)

265 1909 472 1961 ‘aequalis
517 1922 648 1958 meus,
696 1910 824 1950 homo
875 1915 991 1950 extra
1037 1915 1225 1950 nostrum

264 1964 449 2004 ordinem
469 1977 564 2004 meo
593 1964 748 2005 iudicio
768 1963 1084 2004 disertissimus!
1143 1965 1222 2017 Cp.

262 2032 340 2072 pro
370 2019 531 2059 Cluent.
567 2022 587 2066 ξ
611 2031 664 2070 50
686 2020 906 2059 accusabat
934 2020 979 2060 P.
1009 2019 1224 2068 Canutius,

263 2074 393 2113 homo
417 2073 459 2112 in
485 2074 629 2126 primis
654 2074 890 2126 ingeniosus
915 2080 956 2114 et
981 2074 1024 2114 in
1051 2074 1227 2114 dicendo

264 2128 538 2168 exercitatust
569 2128 671 2168 ibid.
706 2133 725 2177 §
759 2141 810 2180 29
829 2129 958 2168 homo
977 2129 1225 2181 eloquentis-

265 2183 407 2223 simus.
461 2182 578 2236 Aper
596 2183 699 2223 took
720 2196 745 2222 a
763 2183 951 2223 different
970 2184 1088 2224 view.

321 2239 440 2277 Atti.
518 2237 623 2277 This
663 2237 729 2290 (or
774 2238 913 2278 rather
947 2238 1040 2288 Ati)
1082 2238 1118 2277 is
1156 2236 1228 2277 the

264 2292 438 2344 reading
457 2292 504 2332 of
519 2297 628 2332 most
648 2291 770 2332 MSS.
819 2293 867 2332 In
888 2292 958 2332 the
977 2292 1229 2333 Puteolanus

269 2345 417 2399 (1475)
456 2360 519 2387 we
555 2346 642 2386 find
677 2348 768 2396 Ari,
805 2347 890 2387 and
926 2354 1036 2388 most
1073 2347 1229 2388 editors

266 2401 517 2441 understand
562 2402 632 2441 the
678 2403 882 2442 reference
920 2408 965 2442 to
1003 2404 1054 2443 be
1091 2408 1136 2442 to

266 2456 410 2496 Arrius
433 2457 617 2510 (praetor
635 2457 678 2496 in
699 2466 738 2495 Β.
754 2466 794 2497 C.
820 2455 889 2508 73)
921 2456 1060 2497 whom
1082 2457 1230 2497 Cicero

266 2511 473 2551 mentions
509 2510 590 2551 less
625 2511 871 2563 favourably
900 2511 945 2551 in
977 2511 1048 2552 the
1081 2512 1230 2551 Brutus

269 2569 290 2614 ξ
316 2577 463 2616 242-3.

322 2622 518 2660 Furnio.
560 2620 698 2660 There
711 2633 797 2659 was
817 2634 842 2660 a
857 2619 987 2661 friend
1003 2620 1051 2660 of
1066 2620 1228 2671 Cicero,

267 2674 406 2715 called
425 2674 476 2715 C.
498 2674 672 2713 Furnius
690 2688 699 2714 :
729 2675 785 2714 ad
802 2675 917 2714 Fam.
938 2676 1046 2715 xxiv.
1074 2687 1093 2713 2
1101 2674 1193 2725 5—6.

324 2731 542 2769 Toranio.
614 2729 748 2768 There
782 2742 888 2769 were
921 2734 1006 2769 two
1045 2729 1231 2779 Toranii,

266 2782 402 2823 father
432 2782 513 2822 and
543 2795 632 2823 son.
687 2782 779 2822 The
812 2783 964 2823 former
990 2797 1078 2824 was
1106 2784 1230 2824 Octa-

266 2836 395 2878 vius's
432 2843 565 2878 tutor:
606 2837 719 2878 Suet.
768 2838 881 2890 Aug.
927 2838 1080 2879 xxvii:
1133 2838 1230 2878 Val.

267 2892 384 2932 Max.
403 2891 459 2931 ix.
486 2903 547 2941 11,
571 2901 608 2941 5.

323 2959 362 2997 4.
392 2949 445 2986 in
464 2950 630 2987 eodem
648 2949 1011 2996 valetudinario,
1031 2960 1087 2988 sc.
1105 2944 1230 2988 ὄντες.

269 3001 348 3053 Cp.
369 3000 463 3041 Sen.
485 3001 563 3053 Ep.
584 3002 708 3042 xxvii.
736 3013 753 3040 1
777 3007 990 3054 tamquam
1014 3003 1058 3042 in
1082 3002 1231 3043 eodem

267 3056 571 3096 valetudinario
591 3056 762 3108 iaceam,
785 3057 837 3097 de
858 3058 1069 3097 communi
1093 3063 1232 3097 tecum

268 3111 386 3174 malo
443 3110 686 3164 conloquor,
741 3111 822 3164 [et]
879 3112 1063 3152 remedia
1114 3125 1231 3153 com-

268 3177 447 3206 mumco.

324 3223 439 3261 haee
478 3232 583 3260 ossa
619 3226 668 3261 et
706 3223 828 3262 hano
864 3224 1062 3262 maciem
1098 3234 1231 3268 prae-

269 3278 413 3316 bent:
464 3275 603 3315 ‘show
635 3275 811 3327 nothing
839 3276 914 3316 but
948 3276 1018 3316 the
1050 3275 1233 3316 familiar

272 3329 364 3369 skin
385 3329 466 3369 and
487 3328 640 3370 bones.’
681 3331 764 3370 For
784 3330 881 3371 lzaec
897 3330 942 3370 in
962 3330 1033 3371 the
1053 3343 1167 3371 sense
1187 3330 1236 3371 of

272 3386 282 3404 ‘
298 3383 419 3424 nobis
464 3385 586 3424 nota’
625 3398 690 3437 cp.
739 3384 842 3426 haec
888 3391 1027 3425 vetera
1074 3385 1139 3428 37.
1188 3385 1228 3426 6.

270 3438 443 3490 Figures
476 3438 643 3479 derived
681 3438 788 3479 from
820 3439 890 3479 the
926 3439 1081 3480 human
1119 3440 1231 3492 body

271 3492 504 3545 constantly
523 3505 637 3533 recur
655 3494 697 3533 in
723 3494 927 3535 reference
951 3499 997 3535 to
1022 3494 1229 3535 rhetoric:

271 3546 359 3586 Cic.
380 3547 493 3587 Brut.
516 3551 536 3596 ξ
559 3547 613 3599 64
632 3562 736 3601 quos
756 3548 951 3589 valetudo
970 3548 1099 3590 modo
1119 3549 1231 3590 bona

271 3601 340 3650 sit,
369 3601 544 3642 tenuitas
572 3603 664 3655 ipsa
692 3602 897 3644 delectat:
943 3603 1038 3652 §68
1068 3604 1229 3644 utinam

271 3655 539 3706 imitarentur,
578 3670 654 3698 nec
691 3671 785 3698 ossa
821 3658 958 3699 solum
996 3658 1069 3699 sed
1102 3658 1229 3700 etiam

1299 1691 1485 1744 probant
1513 1692 1544 1742 (‘
1559 1691 1675 1731 show
1702 1691 1815 1732 what
1841 1691 1940 1744 they
1966 1690 2084 1732 are’:
2119 1693 2186 1732 89.
2220 1699 2268 1742 7:

1310 1747 1410 1786 Lue.
1462 1746 1604 1787 Phars.
1651 1746 1739 1786 viii.
1782 1748 1879 1798 121)
1917 1745 2096 1786 induced
2137 1745 2272 1786 Halm

1313 1800 1550 1853 <following
1588 1801 1839 1852 Gronovius)
1875 1807 1920 1841 to
1956 1801 2056 1842 read
2092 1812 2272 1853 quosque

1310 1856 1415 1895 alios
1435 1885 1445 1894 .
1468 1885 1478 1894 .
1499 1885 1509 1895 .
1534 1856 1631 1895 haec
1651 1856 1810 1896 macies,

1367 1921 1404 1961 5.
1435 1912 1623 1960 Calvus,
1649 1923 1674 1950 a
1688 1909 1827 1950 leader
1845 1923 2002 1963 among
2018 1909 2089 1950 the
2112 1910 2273 1950 stn'eter

1311 1964 1514 2005 Atticists.
1572 1964 1650 2005 See
1670 1978 1724 2004 on
1746 1965 1810 2009 17.
1832 1978 1872 2016 4.

1368 2020 1407 2060 6.
1433 2022 1519 2058 vix
1543 2022 1597 2059 in
1623 2031 1720 2059 una
1748 2025 1797 2060 et·
1826 2022 1987 2069 altera,
2016 2019 2044 2059 i.
2060 2032 2095 2059 e.
2123 2017 2274 2071 hardly

1311 2074 1355 2113 in
1395 2087 1510 2114 more
1546 2075 1646 2115 than
1685 2087 1775 2115 one.
1833 2075 1884 2114 In
1921 2074 1993 2114 the
2028 2086 2143 2114 same
2178 2086 2275 2126 way

1312 2141 1427 2168 unus
1454 2133 1495 2168 et
1521 2127 1680 2182 (atque)
1712 2130 1822 2169 alter
1850 2130 1886 2169 is
1915 2129 2016 2169 used
2042 2129 2153 2169 Ann.
2182 2129 2293 2169 xiii..

1312 2183 1381 2234 46,
1406 2195 1456 2223 10
1474 2183 1509 2223 si
1534 2184 1645 2223 ultra
1671 2197 1798 2223 unam
1827 2183 2080 2236 alteramque
2106 2189 2274 2223 noctem

1313 2238 1551 2279 attineretur
1574 2238 1619 2291 (i.
1633 2252 1668 2278 e.
1690 2238 1855 2291 beyond
1881 2251 1907 2278 a
1930 2237 2125 2287 second):
2157 2237 2274 2279 Hist.

1313 2306 1351 2333 v.
1373 2293 1415 2341 6,
1439 2304 1486 2332 12
1514 2306 1640 2332 unum
1669 2298 1796 2346 atque
1824 2293 1999 2334 alterum
2027 2292 2165 2333 lacum
2196 2322 2206 2332 .
2227 2323 2238 2334 .
2261 2320 2274 2334 .

1314 2347 1479 2400 perfluit
1501 2348 1545 2401 (i.
1559 2361 1595 2387 e.
1615 2354 1702 2388 two
1721 2347 1872 2398 lakes).
1921 2347 2139 2394 Baehrens,
2159 2347 2274 2387 how-

1176 2402 1228 2453 Q.
1313 2415 1421 2452 ever,
1457 2402 1546 2454 lays
1571 2401 1695 2443 down
1726 2402 1796 2443 the
1830 2403 1914 2442 law
1942 2402 2048 2452 that,
2081 2401 2218 2442 where
2247 2415 2275 2444 a

1315 2456 1552 2509 copulative
1590 2457 1763 2510 particle
1800 2457 1836 2497 is
1872 2457 1987 2506 used,
2021 2457 2093 2497 the
2126 2457 2276 2510 phrase

1315 2512 1390 2551 has
1417 2512 1487 2552 the
1516 2511 1630 2553 force
1658 2511 1704 2552 of
1726 2512 1929 2552 nonnulli
1959 2525 2007 2552 or
2033 2512 2273 2564 complures,

1314 2567 1440 2607 while
1473 2567 1575 2606 with
1613 2581 1639 2607 a
1675 2565 1921 2617 disjunctive
1957 2566 2130 2619 particle
2167 2566 2200 2605 it
2228 2585 2266 2600 =

1305 2621 1462 2673 pauci:
1492 2620 1545 2662 he
1563 2620 1702 2661 would
1726 2621 1928 2661 therefore
1953 2621 2051 2661 read
2081 2633 2171 2660 una
2198 2625 2278 2661 aut

1314 2676 1462 2723 altera,
1497 2675 1721 2728 especially
1752 2689 1806 2715 on
1835 2675 1907 2715 the
1934 2675 2097 2728 ground
2125 2675 2174 2715 of
2195 2675 2275 2715 vix

1319 2729 1400 2781 (cp.
1432 2729 1573 2770 Germ.
1603 2731 1657 2770 vi.
1688 2742 1713 2783 9
1742 2730 1812 2769 vix
1841 2730 1913 2769 uni
1941 2729 2133 2770 alterive:
2164 2729 2271 2771 Plin.

1316 2784 1395 2836 Ep.
1433 2797 1471 2826 v.
1515 2796 1581 2834 20,
1623 2796 1670 2836 15
1709 2785 1948 2837 eloquentia
1985 2785 2055 2824 vix
2088 2785 2159 2824 uni
2203 2790 2276 2826 aut

1316 2839 1437 2879 alteri
1457 2815 1694 2911 contihgit).
1752 2840 1836 2879 For
1853 2839 1924 2880 the
1950 2839 2182 2891 meaning‘
2195 2852 2276 2880 one

1316 2906 1364 2934 or
1390 2892 1501 2943 two,'
1534 2897 1586 2934 ‘a
1613 2891 1719 2943 feW,’
1748 2907 1814 2947 cp.
1843 2894 1928 2935 chs.
1959 2897 2000 2935 9.
2027 2905 2102 2936 20:
2134 2896 2201 2933 29.
2225 2905 2273 2935 2:

1316 2948 1399 2989 and
1438 2949 1504 2989 39.
1549 2960 1599 3000 13
1639 2949 1759 2997 (unus
1796 2954 1869 2988 aut
1915 2948 2064 3000 alter):
2112 2948 2278 3012 exaetly

1315 3001 1490 3055 parallel
1533 3017 1602 3044 are
1641 3003 1752 3043 Hist.
1782 3003 1811 3044 i.
1844 3003 1911 3053 83,
1949 3015 2025 3054 24:
2069 3003 2180 3043 Ann.
2213 3003 2275 3044 iii.

1315 3066 1384 3109 47,
1431 3068 1482 3109 5.
1530 3058 1584 3100 iv.
1627 3066 1675 3110 17
1714 3057 1769 3098 ad
1805 3057 1873 3099 fin.
1915 3059 2056 3121 (unus
2074 3057 2274 3111 alterve):

1317 3114 1421 3164 Agr.
1451 3125 1516 3152 xv.
1551 3120 1627 3165 17:
1675 3112 1732 3153 xl.
1766 3124 1839 3166 19:
1889 3113 1999 3153 Ann.
2029 3112 2089 3153 iii.
2120 3123 2186 3164 34,
2225 3120 2275 3165 17

1320 3168 1442 3220 (unus
1461 3174 1532 3208 aut
1552 3166 1689 3218 alter).
1746 3168 1796 3208 In
1818 3167 1931 3209 Hist.
1947 3168 1991 3208 ii.
2012 3175 2076 3220 75,
2100 3179 2124 3219 5
2143 3167 2275 3207 Halm

1315 3235 1411 3262 now
1426 3222 1545 3262 reads
1559 3235 1674 3262 unus
1687 3222 1843 3264 alterve
1861 3223 1926 3263 for
1944 3222 2016 3263 the
2034 3221 2277 3263 traditional

1316 3290 1431 3316 unus
1444 3277 1643 3330 alterque.

1372 3333 1411 3371 8.
1439 3334 1492 3371 in
1527 3334 1750 3372 Asitium.
1835 3331 1991 3372 Calvus
2027 3330 2275 3384 impeached

1316 3385 1477 3426 Asitius
1508 3385 1711 3438 (Asicius)
1746 3385 1810 3426 for
1843 3386 1914 3426 the
1947 3386 2112 3426 murder
2144 3386 2194 3425 of
2220 3400 2274 3427 an

1316 3440 1527 3493 Egyptian
1546 3453 1688 3492 envoy,
1711 3441 1793 3480 and
1810 3439 1863 3480 he
1882 3453 1971 3490 was
1990 3440 2193 3482 defended
2217 3442 2276 3493 by

1316 3494 1492 3536 Cicero:
1523 3508 1599 3547 pro
1619 3495 1735 3536 Cael.
1759 3498 1779 3543 §
1805 3505 1867 3545 23.

1369 3552 1423 3589 in
1442 3553 1664 3590 Drusum.
1707 3550 1857 3591 Cicero
1876 3562 1962 3590 was
1981 3549 2046 3590 his
2072 3549 2276 3590 advocate

1315 3603 1433 3644 also:
1461 3604 1516 3644 ad
1543 3605 1633 3645 Att.
1665 3604 1719 3646 iv.
1755 3615 1820 3657 15,
1848 3605 1901 3647 8:
1942 3604 2024 3647 xvi.
2055 3615 2095 3657 5,
2124 3605 2180 3645 8:
2219 3604 2276 3645 ad

1316 3658 1459 3711 Quint.
1484 3659 1552 3700 Fr.
1573 3659 1600 3701 i.
1625 3658 1691 3711 16,
1713 3671 1753 3711 3.
