2424 4166
659 258 1053 311 DIALOGUS
1086 259 1199 309 DE
1237 258 1740 311 ORATORIBUS.
2131 273 2199 329 93

204 402 378 456 sarius
404 401 717 470 exprobret,
744 400 847 470 ipsi
873 401 1109 469 denique
1135 401 1389 454 advocati
1415 408 1792 468 aspernentur.

1871 400 2047 469 Igitur
2071 418 2201 453 vera

204 496 392 548 statim
444 503 499 547 et
549 494 865 561 incorrupta
914 494 1234 561 eloquentia
1285 493 1702 556 imbuebantur3
1757 499 1812 544 et
1861 509 2200 560 quamquam

206 602 376 638 unum
418 593 789 653 sequerentur,
831 594 1020 639 tamen
1066 603 1259 638 omnes
1309 585 1555 638 eiusdem
1606 584 1804 637 aetatis
1845 593 2105 653 patronos
2148 585 2202 635 in

203 678 454 746 plurimis
490 687 545 731 et
578 679 755 731 causis
794 686 849 732 et
894 679 1107 731 iudiciis
1143 679 1580 747 cognoscebant3
1619 677 2008 745 habebantque
2033 678 2202 744 ipsius
2232 700 2280 741 15

205 771 395 839 populi
439 771 928 824 diversissimarum
981 773 1193 824 aurium
1245 772 1480 839 copiam,
1527 788 1600 823 ex
1645 788 1754 838 qua
1806 770 1964 823 facile
2009 771 2204 838 depre-

204 865 508 918 henderent
545 866 677 932 quid
722 867 776 917 in
820 883 1044 934 quoque
1082 865 1171 918 vel
1215 866 1543 934 probaretur
1581 865 1667 917 vel
1707 864 2037 934 displiceret.

2118 865 2204 916 Ita

205 974 306 1010 nec
333 967 658 1026 praeceptor
676 960 881 1023 deerat,
903 961 1145 1027 optimus
1171 960 1396 1027 quidem
1418 966 1473 1010 et
1493 958 1869 1022 electissimUS,
1888 960 1980 1026 qui
2007 958 2203 1011 faciem

196 1050 568 1119 eloquentiae,
608 1069 718 1104 non
753 1053 1051 1121 imaginem
1091 1060 1409 1121 praestaret,
1441 1070 1540 1104 nec
1579 1053 1870 1105 adversarii
1910 1061 1964 1105 et
2002 1052 2204 1104 aemuli

204 1145 363 1206 ferro,
404 1163 513 1197 non
553 1147 779 1199 rudibus
818 1148 1160 1211 dimicanteS,
1198 1164 1297 1199 nee
1335 1147 1666 1200 auditorium
1708 1164 1925 1214 semper
1961 1146 2204 1213 plenum,
2231 1172 2284 1202 20

205 1256 423 1306 semper
463 1256 680 1304 novum,
720 1258 793 1292 ex
833 1241 1031 1294 invidis
1067 1249 1122 1293 et
1157 1240 1482 1302 faventibuS,
1522 1247 1584 1293 ut
1618 1257 1718 1291 nec
1755 1241 1895 1292 bene
1932 1257 2026 1291 nec
2059 1256 2209 1291 secus

263 1351 324 1392 16.
347 1353 499 1405 populi
514 1359 623 1394 most
642 1354 777 1403 codd„
789 1355 942 1407 populi
957 1360 996 1395 et
1014 1354 1120 1404 EV2.
1177 1367 1230 1394 ex
1248 1367 1327 1406 quo
1354 1353 1519 1394 Meiser.

205 1407 424 1456 Baehrens,
435 1407 615 1459 optimus
630 1408 803 1461 quisque
819 1410 863 1448 M
868 1409 981 1451 eiser.

204 1461 277 1502 sed
290 1461 410 1501 codd.

205 1521 295 1555 tum
314 1528 368 1555 ex
385 1516 609 1556 Andresen.
684 1517 864 1557 breviter
881 1519 915 1558 C
947 1519 1029 1567 (for
1048 1518 1174 1570 bene).

1660 1354 1721 1394 18.
1751 1354 1931 1406 optimus
1949 1354 2020 1392 ille
2039 1353 2205 1405 quidem

1109 1421 1172 1449 20.
1194 1409 1370 1448 rudibus
1388 1409 1431 1447 P.
1449 1408 1596 1457 Faber,
1611 1408 1782 1447 sudibus
1796 1408 1915 1448 codd.
1958 1421 2030 1447 nec
2045 1407 2204 1456 Schele,

468 1474 498 1500 s.
513 1462 687 1514 plenum
702 1476 733 1502 s.
747 1477 901 1503 novum
922 1463 979 1503 all
1000 1464 1122 1504 codd.
1146 1469 1289 1515 except
1310 1464 1343 1503 C
1381 1464 1431 1513 (s.
1454 1476 1608 1502 novum
1629 1476 1659 1502 s.
1676 1464 1886 1514 plenum).

1231 1531 1302 1557 nec
1329 1530 1440 1556 secus
1458 1516 1660 1569 Schopen,
1684 1530 1755 1555 nec
1779 1518 1885 1555 male
1904 1516 2098 1556 Pithoeus
2117 1517 2207 1567 <nec

1999 1474 2018 1500 2
2027 1473 2061 1501 1.
2095 1461 2204 1501 mix-

206 1571 312 1610 male
332 1583 402 1609 nec
421 1569 514 1610 bene
533 1571 748 1623 Agricola,
769 1571 956 1626 Novak),
976 1585 1047 1612 nec
1067 1573 1210 1612 minus
1229 1572 1323 1611 bene
1343 1571 1568 1620 Andresen,
1590 1584 1661 1611 nec
1669 1577 1830 1624 parum
1850 1570 1944 1610 bene
1963 1571 2087 1623 John.

205 1658 452 1699 contradicit
485 1663 606 1711 atque
639 1661 697 1700 ita
730 1674 879 1702 causae
905 1675 1002 1702 suae
1027 1666 1161 1711 nocet,

205 1713 259 1754 G.
280 1713 361 1752 and
383 1713 435 1753 G.
496 1712 591 1754 Sen.
612 1715 663 1754 de
686 1716 782 1756 Ben.
810 1716 863 1755 vi.
887 1717 925 1765 8,
953 1729 980 1768 4
1006 1716 1163 1755 Adver-

205 1767 335 1807 sarius
353 1780 469 1807 meus
483 1767 583 1807 dum
598 1771 800 1810 contraria
815 1770 915 1811 dicit
931 1777 971 1811 et
985 1771 1164 1811 iudicem

205 1821 398 1874 superbia
463 1821 634 1863 offendit
664 1854 674 1865 .
709 1856 718 1866 .
755 1855 763 1864 .
795 1839 961 1865 causam
1026 1838 1164 1865 meam

206 1876 342 1916 erexit.
418 1875 501 1916 For
532 1880 770 1919 contrarius
802 1880 844 1919 in
878 1880 950 1920 the
979 1893 1092 1920 sense
1121 1879 1170 1919 of

206 1930 361 1971 noxius
379 1943 425 1970 or
443 1931 676 1982 damnosus,
699 1948 764 1986 cp.
788 1935 853 1975 35.
879 1946 942 1984 12,
966 1937 1030 1975 39.
1058 1946 1120 1975 10.

261 1997 356 2032 quo
384 1988 555 2026 minus.
625 1988 728 2028 This
757 1989 894 2030 clause
922 1990 956 2029 is
984 1988 1164 2030 remark-

206 2039 315 2087 able,
335 2039 377 2078 in
397 2039 466 2079 the
486 2040 574 2081 first
593 2042 722 2094 place,
742 2056 788 2083 as
805 2057 857 2084 an
885 2045 1095 2084 extension
1123 2043 1171 2082 of

207 2094 280 2133 the
307 2093 401 2133 idea
429 2096 648 2136 contained
675 2098 718 2137 in
747 2098 932 2150 impune,
963 2099 1046 2138 and
1074 2098 1164 2137 also

205 2147 269 2188 for
289 2147 360 2188 the
379 2151 639 2201 exceptional
658 2165 728 2192 use
749 2153 796 2192 of
817 2166 896 2205 quo
916 2154 1060 2192 minus
1083 2155 1165 2205 (cp.

207 2215 261 2242 on
282 2204 320 2242 3.
345 2202 412 2254 15)
435 2203 500 2243 for
518 2206 638 2257 quin,
660 2207 766 2258 quin
785 2220 891 2246 eum.

261 2263 477 2303 respuat:
506 2273 572 2312 cp.
594 2261 733 2312 Quint.
755 2261 808 2300 vi.
829 2274 867 2312 4,
895 2273 955 2313 19.

266 2322 329 2351 12.
360 2314 454 2358 ipsi
486 2343 496 2353 .
523 2344 533 2354 .
563 2345 572 2354 .
604 2318 835 2363 advocati,
887 2314 1026 2355 ‘one's
1073 2329 1166 2355 own

208 2365 478 2418 supporters.’
535 2369 638 2408 This
667 2370 702 2409 is
730 2370 800 2410 the
829 2369 945 2410 older
972 2371 1166 2421 meaning

209 2421 257 2460 of
271 2421 342 2460 the
360 2421 487 2470 word,
510 2436 555 2463 as
581 2424 623 2463 in
644 2424 806 2473 Cicero,
829 2425 923 2463 who
947 2438 1038 2464 uses
1064 2425 1096 2463 it
1124 2424 1174 2463 of

208 2474 328 2515 those
365 2475 461 2515 who
500 2477 585 2518 lent
623 2477 729 2518 their
765 2486 1040 2519 countenance
1084 2479 1167 2518 and

208 2529 400 2582 personal
420 2540 592 2584 support
610 2538 655 2572 to
675 2547 699 2573 a
719 2533 860 2580 friend,
883 2533 1106 2586 especially
1125 2533 1167 2572 in

207 2583 321 2635 legal
368 2591 551 2636 matters,
589 2601 622 2627 e.
637 2602 677 2640 g.
719 2589 830 2627 Brut.
874 2590 894 2635 ξ
940 2589 1041 2639 289;
1090 2601 1167 2640 pro

209 2637 374 2678 Cluent.
398 2644 417 2687 ξ
439 2651 454 2678 1
467 2652 530 2690 10,
544 2643 598 2681 ib.
616 2646 636 2690 ξ
655 2654 718 2693 54,
735 2643 870 2682 where
885 2656 950 2682 see
964 2643 998 2682 F
1001 2640 1168 2682 ausset’s

209 2698 318 2731 note.
356 2694 416 2746 By
430 2695 661 2746 Quintilian
677 2697 895 2736 advocatus
910 2698 943 2736 is
958 2696 1168 2748 generally

209 2755 311 2796 used
332 2762 395 2804 (as
416 2755 453 2792 1.
475 2763 497 2803 5
519 2751 670 2802 above)
698 2765 744 2791 as
763 2764 1039 2803 synonymous
1065 2751 1167 2790 with

213 2815 351 2851 ‘actor
379 2805 551 2854 causae‚’
580 2804 862 2855 ‘causidicus,'
890 2808 899 2826 ‘
919 2803 1165 2858 patronus:’

213 2878 252 2905 x.
277 2876 314 2913 1,
339 2874 441 2910 1113
471 2861 541 2900 xii.
564 2871 599 2908 1,
624 2872 688 2911 25.

270 2929 331 2968 15.
362 2922 409 2956 et
438 2917 591 2955 causis
621 2919 668 2954 et
697 2916 903 2954 iudiciis.
961 2914 1052 2953 The
1086 2914 1164 2953 dis—

211 2973 385 3013 tinction
405 2983 534 3009 seems
553 2975 597 3008 to
624 2968 870 3020 correspond
897 2974 941 3007 to
967 2968 1057 3007 that
1081 2968 1168 3006 laid

215 3027 335 3066 down
355 3027 397 3064 in
416 3026 427 3044 ‘
441 3024 523 3062 sive
543 3023 584 3060 in
604 3022 781 3070 iudiciis,
802 3024 885 3061 sive
905 3023 946 3060 in
967 3022 1166 3061 contioni-

213 3079 318 3128 bus‚'
356 3079 439 3117 line
477 3076 514 3125 6,
556 3077 709 3115 above:
754 3088 816 3127 cp.
855 3076 956 3114 ‘fori
989 3076 1167 3123 auditor,

213 3139 390 3174 sectator
402 3130 673 3176 iudiciorum‚'
687 3130 770 3169 line
781 3128 845 3178 26,
854 3130 1000 3169 below.
1022 3130 1169 3170 Cicero

215 3187 326 3228 often
360 3199 451 3226 uses
483 3185 552 3223 the
589 3184 726 3223 words
762 3183 964 3235 together,
994 3183 1170 3223 without

216 3254 296 3293 any
311 3252 476 3293 express
495 3238 707 3278 antithesis
724 3252 732 3278 :
763 3239 872 3277 Brut.
893 3241 913 3285 ξ
938 3249 1011 3288 105
1030 3237 1168 3277 Carbo

217 3302 278 3335 est
304 3295 345 3334 in
371 3293 511 3333 multis
538 3292 698 3332 iudiciis
725 3292 935 3344 causisque
965 3293 1167 3342 cognitus,

215 3350 258 3389 in
291 3350 410 3389 Caec.
448 3348 542 3387 Div.
578 3350 597 3394 5
636 3357 648 3384 1
683 3347 725 3386 in
760 3347 891 3386 causis
928 3346 1169 3398 iudiciisque

218 3403 409 3456 publicis,
426 3403 481 3442 ib.
501 3405 550 3450 ἕξ
573 3414 591 3441 2
598 3412 636 3451 5,
656 3410 729 3451 73:
754 3413 817 3452 cp.
831 3400 901 3440 Or.
921 3400 1008 3452 §69
1023 3401 1064 3439 in
1079 3400 1169 3439 foro

218 3457 432 3510 causisque
451 3456 640 3496 civilibus
667 3455 733 3508 (of
751 3457 760 3476 ‘
775 3453 1060 3495 deliberative'
1087 3454 1169 3493 and

221 3515 231 3534 ‘
246 3509 438 3551 forensic’
453 3517 629 3562 oratory,
643 3509 864 3561 excluding
877 3516 886 3530 ‘
898 3507 1167 3562 epideictic‘)‚

218 3566 275 3606 ib.
299 3569 319 3614 ξ
344 3573 419 3617 207
440 3565 482 3604 in
503 3565 637 3605 causis
651 3563 833 3616 foroque,
854 3563 904 3604 de
920 3564 992 3604 Or.
1013 3563 1040 3603 i.
1065 3567 1084 3609 ,δ
1104 3571 1167 3614 77,

218 3620 300 3667 ii.§
323 3632 388 3671 42.
434 3619 543 3672 John
559 3619 654 3659 here
666 3618 932 3658 understands
949 3617 1106 3657 iudicia
1128 3617 1175 3657 of

219 3673 408 3715 criminal
438 3674 567 3724 trials,
604 3684 747 3713 causae
785 3672 832 3712 of
865 3672 961 3713 civil
998 3672 1165 3713 actions

1304 1663 1453 1708 ipsius
1484 1692 1493 1700 .
1517 1690 1526 1699 .
1549 1689 1559 1699 .
1589 1663 1797 1706 copiam:
1838 1659 2136 1712 opportunities
2165 1658 2215 1699 of

1253 1715 1507 1767 (observing)
1529 1714 1598 1754 the
1618 1721 1733 1766 great
1756 1714 1951 1766 diversity
1971 1714 2015 1754 of
2031 1720 2134 1754 taste
2155 1727 2210 1754 on

1250 1770 1319 1810 the
1330 1775 1420 1821 part
1433 1769 1481 1809 of
1488 1769 1558 1809 the
1569 1767 1790 1809 audience.’
1821 1770 1904 1808 For
1914 1769 1984 1809 the
1995 1769 2207 1820 genitives,

1250 1837 1317 1864 see
1337 1825 1410 1864 Dr.
1435 1828 1453 1871 ξ
1478 1831 1542 1875 75.

1310 1879 1370 1919 18.
1403 1881 1726 1918 electissimus.
1801 1878 1972 1918 Tacitus
2018 1877 2094 1916 has
2139 1876 2210 1917 the

1251 1932 1498 1985 superlative
1519 1932 1617 1985 only
1631 1932 1739 1973 here.
1787 1932 1941 1972 Novak
1955 1931 2091 1972 would
2112 1931 2211 1972 read

1253 1986 1549 2036 ‘lectissimus,'
1597 1987 1840 2039 comparing
1886 1986 2025 2027 Germ.
2072 1987 2125 2026 vi.
2169 1987 2208 2036 8,

1250 2043 1391 2094 Agric.
1414 2043 1527 2082 xviii.
1547 2053 1609 2081 21.

1304 2100 1474 2137 faciem
1496 2127 1505 2136 .
1528 2127 1537 2137 .
1561 2127 1570 2136 .
1598 2098 1879 2143 imaginem:
1915 2095 2138 2148 eloquence
2166 2095 2210 2135 in

1250 2151 1323 2191 her
1351 2159 1439 2190 true
1468 2150 1646 2190 features
1673 2164 1720 2190 or
1746 2150 1892 2202 bodily
1911 2163 2112 2201 presence,
2136 2156 2211 2190 not

1252 2220 1276 2245 a
1297 2218 1405 2245 mere
1432 2218 1539 2257 copy
1560 2219 1607 2244 or
1634 2205 1847 2257 phantom.
1907 2205 1984 2256 Cp.
2007 2205 2149 2256 Quint.
2170 2218 2209 2243 x.

1255 2272 1291 2308 2,
1316 2271 1332 2298 1
1344 2272 1360 2299 1
1385 2260 1490 2299 adde
1510 2260 1622 2312 quod
1638 2259 1837 2311 quidquid
1853 2259 1971 2298 alteri
1986 2259 2119 2299 simile
2134 2264 2210 2307 est,

1251 2327 1413 2354 necesse
1433 2319 1493 2354 est
1513 2314 1646 2353 minus
1667 2315 1720 2354 sit
1739 2327 1788 2353 eo
1809 2313 1919 2366 quod
1948 2314 2145 2362 imitatur,
2165 2319 2211 2353 ut

1252 2370 1396 2408 umbra
1429 2381 1598 2420 corpore
1636 2374 1675 2408 et
1709 2369 1848 2419 imago
1882 2368 1986 2407 facie
2018 2374 2060 2407 et
2094 2373 2212 2408 actus

1251 2423 1495 2463 histrionum
1515 2423 1621 2462 veris
1641 2422 1882 2462 adfectibus.
1922 2422 1976 2462 So
1994 2422 2048 2462 ib.
2065 2435 2101 2472 5.
2119 2424 2139 2468 δ
2161 2430 2209 2474 17

1251 2478 1294 2517 in
1313 2477 1415 2517 falsa
1430 2490 1565 2516 rerum
1581 2477 1759 2528 imagine
1777 2477 1951 2516 detineri
1966 2482 2006 2516 et
2022 2477 2211 2516 inanibus

1251 2532 1481 2572 simulacris
1501 2562 1511 2571 .
1535 2561 1544 2570 .
1566 2563 1575 2572 .
1598 2531 1955 2579 adsuescere,-of
1975 2531 2045 2571 the
2074 2530 2212 2570 decla-

1251 2586 1444 2635 mations,
1487 2585 1625 2625 which
1674 2586 1716 2624 in
1765 2591 1946 2625 contrast
1992 2586 2094 2624 with
2141 2585 2212 2625 the

1252 2641 1398 2692 reality
1432 2640 1479 2680 of
1514 2641 1718 2680 ‘forenses
1752 2637 1956 2680 actiones’
1996 2653 2064 2680 are
2102 2653 2213 2680 mere

1252 2695 1402 2735 shams.

1311 2761 1373 2789 20.
1403 2751 1542 2798 ferro,
1560 2762 1657 2788 non
1671 2751 1880 2798 rudibus,
1900 2751 1911 2770 ‘
1925 2748 2026 2788 with
2042 2749 2209 2797 swords‚

1251 2810 1324 2844 not
1357 2804 1529 2844 wooden
1563 2802 1684 2843 soils?
1754 2803 1844 2842 The
1878 2804 2000 2843 rudis
2029 2817 2115 2843 was
2143 2805 2213 2843 the

1252 2859 1426 2898 wooden
1490 2859 1564 2898 foil
1625 2858 1727 2897 with
1787 2858 1925 2897 which
1984 2858 2213 2909 gladiators

1253 2913 1483 2965 practised:
1515 2913 1603 2951 Liv.
1620 2913 1728 2952 xxvi.
1752 2923 1817 2962 51,
1836 2925 1873 2962 4.
1910 2913 1992 2952 For
2012 2926 2035 2951 a
2055 2912 2215 2951 similar

1252 2966 1396 3018 figure,
1417 2980 1480 3019 cp.
1502 2967 1589 3006 Cic.
1618 2967 1670 3006 de
1697 2967 1796 3018 Opt.
1825 2967 1928 3006 Gen.
1960 2967 2078 3007 Orat.
2111 2971 2131 3014 ξ
2164 2974 2212 3017 17

1253 3034 1335 3060 non
1369 3021 1479 3061 enim
1514 3021 1555 3058 in
1586 3022 1672 3060 acie
1704 3028 1887 3059 versatur
1917 3027 1957 3060 et
1992 3021 2108 3068 ferro,
2142 3020 2214 3060 sed

1253 3075 1370 3126 quasi
1389 3074 1558 3114 rudibus
1576 3075 1663 3114 eius
1683 3074 1814 3113 eludit
1831 3075 1965 3113 oratio
1981 3088 1989 3114 :
2022 3075 2113 3114 Sen.
2133 3075 2212 3126 Ep.

1257 3137 1348 3179 117,
1371 3139 1417 3177 25
1435 3141 1601 3167 remove
1616 3128 1695 3167 ista
1710 3128 1862 3167 lusoria
1878 3141 2008 3177 arma,
2029 3129 2212 3168 decreto-

1253 3183 1324 3222 riis
1350 3195 1453 3235 opus
1477 3188 1562 3221 est:
1599 3182 1738 3232 Quint.
1761 3196 1799 3222 x,
1823 3193 1862 3232 5,
1887 3194 1962 3222 20:
1993 3183 2074 3221 and
2099 3182 2153 3221 id.
2176 3195 2214 3222 v.

1259 3249 1323 3286 12,
1348 3246 1395 3288 17
1421 3236 1741 3275 declamationes
1769 3237 1918 3288 quibus
1947 3237 2001 3275 ad
2031 3249 2214 3288 pugnam

1255 3291 1457 3331 forensem
1485 3289 1597 3330 velut
1630 3290 1870 3342 praepilatis
1899 3291 2075 3330 exerceri
2105 3291 2212 3331 sole-

1253 3346 1410 3385 bamus.

1314 3412 1375 3440 21.
1409 3412 1593 3447 semper
1617 3404 1810 3447 novum,
1834 3401 1949 3438 ‘ever
1977 3397 2213 3451 changing‚'

1254 3454 1330 3494 i.e.
1366 3454 1436 3494 the
1474 3454 1671 3493 audience
1708 3466 1792 3492 was
1829 3466 1953 3492 never
1987 3453 2054 3492 the
2087 3467 2214 3494 same.

1257 3508 1475 3549 Gudeman
1486 3508 1814 3559 unneccessarily
1826 3520 2023 3559 proposes
2036 3513 2080 3546 to
2091 3508 2215 3558 reject

1255 3563 1371 3603 these
1383 3563 1518 3602 words
1533 3575 1578 3602 as
1593 3575 1644 3601 an
1661 3562 1976 3614 interpolation:
1998 3575 2061 3614 cp.
2079 3562 2215 3602 below

1259 3621 1270 3640 ‘
1284 3630 1367 3657 non
1386 3617 1480 3656 novi
1501 3617 1683 3656 iudicum
1702 3615 1866 3656 vultus?

1311 3685 1370 3712 ex
1388 3673 1568 3711 invidis
1587 3675 1636 3712 et
1655 3673 1938 3720 faventibus,
1965 3674 1976 3692 ‘
1988 3670 2215 3723 composed
