2424 4166
264 231 334 300 38
923 230 1317 283 CORNELII
1352 230 1440 282 TA
1454 230 1536 282 CI
1539 230 1623 281 TI

265 392 435 443 quam
479 374 621 428 Afer
658 381 755 428 aut
793 371 1088 428 Africanus
1125 380 1222 427 aut
1258 391 1358 426 vos
1403 374 1509 443 ipsi
1553 391 1588 428 a
1627 373 1895 428 Cicerone
1935 381 2033 428 aut
2075 358 2295 429 Asinio*

266 467 597 523 recessistis.'

336 565 435 619 16.
475 559 803 631 ‘Magnam'
837 562 1014 629 inquit
1043 560 1332 614 Secundus
1368 564 1455 614 ‘et
1493 561 1721 629 dignam
1754 569 1995 615 tractatu
2034 561 2275 630 quaesti-

266 671 430 708 onem
477 657 713 709 movisti.

805 655 917 708 Sed
969 655 1093 723 quis
1139 672 1262 707 earn
1308 655 1500 708 iustius
1541 655 1845 724 explicabit
1880 673 2047 723 quam
2086 664 2166 721 tn,
2204 657 2276 709 ad

265 751 419 803 cuius
453 768 729 803 summam
770 751 1137 802 eruditionem
1175 758 1230 802 et
1266 751 1796 817 praestantissimum
1834 751 2112 819 ingenium
2146 768 2278 803 cura

265 860 491 911 quoque
517 852 572 896 et
600 844 891 896 meditatio
917 843 1185 895 accessit?
1205 841 1216 863 '

341 938 418 989 Et
458 938 721 990 Messalla
760 933 1089 1004 ‘Aperiam'
1130 936 1307 1004 inquit
1346 936 1738 1005 ‘cogitationes
1777 955 1944 1001 meaS‚
1981 937 2027 989 si
2068 937 2203 991 illud
2243 956 2278 991 a

265 1031 423 1082 vobis
449 1039 580 1083 ante
607 1032 992 1098 impetravero,
1021 1037 1081 1081 ut
1106 1047 1206 1082 vos
1243 1046 1465 1098 quoque
1498 1024 1808 1082 sermonem
1844 1029 1989 1083 hunc
2024 1039 2277 1084 nostrum

266 1124 569 1177 adiuvetis?

341 1220 352 1242 ‘
370 1217 474 1268 Pro
525 1215 740 1268 duobus
760 1214 771 1234 '
818 1216 994 1284 inquit
1046 1216 1335 1269 Maternus
1385 1220 1397 1244 ‘
1415 1217 1685 1284 promitto
1707 1233 1721 1282 ;
1777 1235 1906 1270 nam
1959 1226 2015 1271 et
2065 1235 2172 1287 ego
2222 1226 2278 1272 et

268 1310 557 1364 Secundus
579 1327 952 1378 exsequemur
978 1328 1070 1362 eas
1097 1318 1283 1377 partes
1309 1328 1448 1379 quas
1475 1310 1914 1363 intellexerimus
1940 1319 1997 1364 te
2023 1330 2134 1365 non
2159 1321 2278 1365 tam

191 1421 240 1450 10
268 1405 517 1457 omisisse
555 1421 723 1471 quam
762 1404 920 1456 nobis
958 1403 1260 1472 reliquisse.

1336 1403 1558 1471 Aprum
1595 1405 1740 1456 enirn
1776 1406 1953 1458 solere
1990 1407 2280 1460 dissentire

267 1507 323 1552 et
350 1506 409 1551 tu
438 1498 604 1567 paulo
640 1506 771 1550 ante
806 1499 997 1550 dixisti
1032 1506 1088 1550 et
1124 1498 1241 1567 ipse
1275 1498 1407 1551 satis
1444 1499 1764 1552 manifestus
1801 1508 1886 1553 est
1920 1500 2030 1552 iam
2066 1501 2280 1554 dudum

326 1665 391 1707 17.
421 1668 493 1695 nos
513 1655 561 1695 C.
621 1659 699 1694 aut
717 1653 872 1694 Asinio
892 1654 1128 1702 ABEV2H,
1150 1659 1228 1693 aut
1247 1653 1297 1693 ab
1313 1653 1467 1694 Asinio
1487 1654 1619 1695 CAD.

321 1715 391 1752 16.
424 1722 459 1750 2.
487 1708 660 1750 movisti
677 1709 862 1761 Lipsius,
886 1709 1073 1748 movistis
1092 1709 1212 1750 codd.

270 1822 422 1874 (above
442 1820 511 1860 the
532 1819 632 1872 line)
659 1819 716 1858 E:
749 1831 831 1858 om.
854 1818 1087 1868 AV2CAD.

268 1956 527 1997 laudantium
544 1956 716 2005 clamor,
730 1955 866 1996 where
881 1969 947 1996 see
961 1962 1070 1996 note.
1109 1956 1232 1997 Scho-

268 2012 406 2052 lastici
444 2012 479 2050 is
522 2011 618 2051 here
661 2010 762 2050 used
797 2011 846 2050 of
886 2024 912 2050 a
956 2012 1234 2064 professional

269 2067 479 2115 audience,
501 2066 543 2104 in
563 2079 587 2105 a
607 2066 713 2105 wide
733 2079 860 2106 sense.

329 2131 393 2173 17.
424 2123 540 2161 Afer
579 2125 660 2159 aut
698 2122 965 2160 Africanus.
1042 2120 1126 2160 For
1162 2120 1234 2160 the

268 2177 420 2216 former
439 2189 504 2215 see
524 2188 578 2214 on
593 2177 658 2215 13.
671 2187 696 2227 9
714 2189 722 2215 :
753 2175 818 2214 for
833 2175 902 2214 the
923 2175 1056 2225 latter,
1079 2177 1145 2215 14.
1169 2187 1233 2216 20.

270 2231 398 2270 Their
427 2231 606 2270 eminent
643 2243 808 2269 renown
847 2229 1035 2269 involves
1072 2243 1097 2269 a
1130 2230 1234 2282 high

269 2285 542 2337 compliment
570 2291 615 2324 to
645 2284 765 2324 those
789 2284 883 2324 who
913 2297 980 2324 are
1010 2285 1235 2325 bracketed

268 2340 396 2391 along
414 2340 515 2379 with
534 2339 648 2379 them
668 2340 709 2379 in
728 2352 797 2379 vos
817 2339 910 2391 ipsi.
969 2340 1075 2379 Two
1096 2341 1143 2379 of
1165 2340 1235 2379 the

269 2395 571 2443 interlocutors,
606 2395 723 2447 Aper
760 2395 842 2433 and
875 2393 1099 2443 Secundus,
1129 2395 1235 2434 have

270 2449 440 2501 already
461 2450 564 2489 been
587 2449 763 2489 referred
792 2455 836 2487 to
865 2461 910 2487 as
940 2451 950 2470 ‘
968 2450 1234 2490 celeberrima

267 2514 357 2545 tum
376 2505 542 2556 ingenia
562 2503 639 2543 fori
658 2503 814 2551 nostri,'
834 2503 897 2543 ch.
920 2505 958 2542 2.
981 2517 1016 2556 5.

327 2562 432 2599 Chs.
462 2561 621 2598 16-23.
678 2558 827 2609 Aper's
853 2558 987 2609 speech
1018 2559 1066 2597 in
1090 2559 1236 2610 praise

270 2612 321 2664 of
341 2613 406 2652 tlie
434 2613 644 2665 eloquence
661 2613 713 2665 of
731 2612 798 2651 the
825 2612 907 2663 day
934 2626 980 2651 as
1007 2615 1241 2652 contrastea'

270 2668 376 2707 with
415 2667 509 2706 that
543 2667 595 2719 of
607 2666 778 2719 former
812 2666 944 2707 times.
1021 2668 1148 2719 After
1177 2681 1235 2706 an

270 2721 495 2773 attempted
517 2721 736 2774 definition
761 2721 933 2771 (16-17>
965 2721 1014 2760 lte
1043 2721 1169 2774 rfffers
1197 2727 1237 2761 to

270 2776 338 2815 tlze
375 2775 561 2826 changed
594 2776 823 2814 conditions
859 2775 951 2827 (18)
986 2777 1077 2814 and
1104 2777 1238 2815 shows

271 2830 364 2870 how
382 2843 409 2868 a
424 2829 617 2883 dzffizrent
635 2835 726 2881 type
744 2830 969 2881 oforatory
989 2831 1026 2869 is
1044 2830 1243 2882 required

272 2885 321 2935 by
350 2883 416 2923 tlte
445 2885 759 2923 circumstances
792 2883 842 2935 of
864 2884 931 2923 tlze
955 2891 1125 2936 present
1157 2885 1239 2936 day

274 2941 361 2991 (19,
390 2939 480 2989 20),
503 2939 731 2992 finishing
764 2938 869 2978 witlz
907 2952 934 2978 a
968 2939 1168 2979 criticism
1198 2938 1250 2992 of

272 2993 513 3045 republican
559 2994 782 3046 eloquence,
835 2994 1049 3045 especially
1100 2995 1240 3034 Cicero

294 3047 463 3100 21-23).

275 3049 291 3101 (
326 3106 396 3143 16.
429 3115 466 3153 3.
497 3114 611 3142 eura
639 3107 688 3143 et
716 3105 978 3144 meditatio.
1036 3102 1240 3143 Messalla

270 3156 357 3196 had
394 3157 565 3209 already
602 3158 724 3209 given
767 3158 837 3197 the
875 3164 1023 3199 matter
1062 3158 1240 3199 ‘careful

273 3212 577 3252 consideration
593 3210 626 3251 ’z
657 3225 720 3264 cp.
740 3225 844 3265 quas
866 3212 1046 3266 (causas)
1076 3226 1240 3253 mecum

271 3267 362 3319 ipse
383 3266 624 3319 plerumque
638 3268 847 3320 conquiro,
865 3268 907 3306 in
927 3267 998 3308 the
1017 3268 1241 3320 preceding

272 3322 455 3373 chapter.
878 3338 881 3341 ⁴

331 3387 367 3426 5.
399 3378 440 3414 si
460 3378 583 3414 illud
602 3406 613 3416 .
635 3406 645 3416 .
668 3406 677 3416 .
698 3378 1027 3423 impetravero.
1069 3377 1153 3416 For
1168 3376 1239 3418 the

275 3430 552 3470 construction
580 3444 645 3483 cp.
669 3433 734 3472 18.
757 3432 780 3470 8
811 3431 844 3471 si
874 3431 981 3470 illud
1001 3437 1096 3471 ante
1123 3445 1236 3483 prae-

275 3483 447 3524 dixero:
489 3487 553 3526 28.
589 3496 651 3525 12.
709 3485 801 3525 The
830 3498 1004 3538 passage
1033 3498 1164 3526 seems
1192 3492 1236 3526 to

275 3540 443 3578 contain
473 3552 498 3578 a
528 3539 818 3595 reminiscence
843 3540 891 3579 of
914 3541 965 3580 de
993 3540 1063 3580 Or.
1089 3541 1115 3581 i.
1142 3543 1162 3588 §
1184 3550 1234 3593 27

274 3593 395 3645 ‘Ego
423 3592 542 3632 vero’
579 3594 713 3647 inquit
747 3595 920 3635 Crassus
960 3597 1115 3648 ‘neque
1148 3597 1235 3635 An·

274 3649 435 3692 tonium
455 3649 625 3688 verbum
654 3650 784 3690 facere
814 3650 948 3703 patiar
975 3656 1017 3692 et
1044 3651 1133 3703 ipse
1162 3652 1235 3691 ob-

1286 1709 1509 1761 explicabit
1521 1709 1734 1758 ABCAD‚
1754 1710 1983 1762 explicavit
2001 1711 2038 1751 E
2056 1711 2140 1751 and
2158 1711 2282 1766 (corr.

266 1770 312 1806 to
346 1765 471 1812 -abin
503 1765 573 1814 V2‚
598 1764 871 1816 explicaverit
902 1764 1062 1815 HVSp.
1098 1764 1193 1803 edd.
1224 1768 1322 1804 vett.

1492 1775 1532 1816 5.
1562 1765 1811 1816 cognitiones
1839 1766 1947 1816 EV2.
2002 1766 2043 1806 si
2069 1767 2168 1817 BH,
2197 1766 2281 1807 and

1317 1962 1559 2007 mutescam,
1573 1957 1652 1997 nisi
1668 1957 1781 2010 prius
1797 1971 1822 1998 a
1835 1958 1955 1999 vobis
1973 1959 2200 2013 impetraro
2212 1958 2282 1991 ’—

1325 2011 1611 2063 ‘Quidnam?'
1667 2014 1801 2065 inquit
1831 2014 2018 2054 Catulus.
2092 2015 2179 2056 ‘Ut
2211 2015 2282 2057 hic

1318 2066 1409 2106 sitis
1437 2066 1589 2107 hodie?
1645 2067 1695 2107 In
1727 2068 1825 2108 both
1855 2082 2060 2122 passages,
2090 2070 2174 2109 and
2205 2069 2281 2111 fre·

1319 2121 1487 2173 quently
1506 2121 1727 2162 elsewhere
1755 2123 1797 2162 in
1827 2123 1976 2163 Cicero
2007 2124 2058 2176 (e.
2071 2137 2113 2176 g.
2137 2124 2189 2165 de
2209 2125 2281 2166 Or.

1318 2176 1359 2215 ii.
1384 2179 1404 2223 §
1431 2175 1516 2227 13),
1538 2175 1685 2229 inquit
1710 2177 1745 2216 is
1773 2178 1930 2217 several
1949 2178 2070 2219 times
2089 2179 2284 2232 repeated

1317 2231 1361 2269 in
1394 2230 1465 2269 the
1495 2244 1639 2271 course
1671 2231 1719 2271 of
1750 2246 1776 2272 a
1808 2232 1884 2272 few
1919 2233 2023 2273 lines
2056 2240 2100 2275 to
2128 2236 2224 2287 give
2256 2248 2284 2275 a

1319 2285 1500 2324 familiar
1519 2287 1600 2325 and
1621 2288 1947 2327 conversational
1967 2294 2076 2328 tone.

1375 2340 1412 2378 8.
1444 2342 1539 2380 Pro
1569 2344 1767 2381 duobus.
1826 2343 1906 2394 Cp.
1936 2343 2026 2383 Cic.
2058 2343 2110 2384 de
2137 2343 2212 2384 Or.
2237 2343 2283 2385 ii.

1322 2398 1342 2442 ξ
1377 2394 1452 2445 362
1485 2395 1577 2435 Nos
1605 2409 1716 2445 vero,
1746 2396 1877 2449 inquit
1908 2397 2097 2448 Catulus,
2132 2399 2284 2439 etenim

1318 2462 1395 2502 pro
1416 2463 1483 2490 me
1509 2450 1590 2491 hoc
1615 2457 1655 2491 et
1681 2463 1758 2503 pro
1784 2464 1877 2491 meo
1898 2451 2021 2493 fratre
2039 2453 2283 2506 respondeo,

1319 2508 1397 2544 &c.

1374 2571 1410 2611 9.
1440 2563 1612 2606 partes,
1649 2560 1660 2579 ‘
1677 2560 1896 2612 portions,’
1924 2567 1999 2602 not
2027 2560 2287 2603 ‘functions'

1323 2613 1386 2665 (as
1407 2615 1472 2652 24.
1497 2625 1558 2660 11,
1578 2615 1644 2654 28.
1662 2619 1718 2663 3),
1739 2616 1910 2668 exsequi
1926 2617 2050 2668 being
2067 2617 2168 2657 used
2187 2618 2286 2659 here

1320 2668 1368 2707 of
1378 2669 1626 2720 exposition,
1639 2681 1685 2708 as
1705 2668 1814 2710 Ann.
1835 2671 1907 2709 xii.
1923 2671 1988 2722 58,
2003 2671 2029 2710 6
2047 2684 2057 2712 ε
2079 2684 2145 2724 cp.
2162 2674 2202 2713 3.
2215 2670 2285 2724 65,

1321 2725 1357 2763 4.
1379 2735 1421 2773 4,
1444 2725 1507 2763 11.
1532 2734 1595 2762 21.

1380 2788 1443 2817 10.
1475 2780 1690 2817 omisisse
1725 2807 1735 2818 .
1767 2809 1777 2819 .
1810 2809 1821 2820 .
1853 2781 2118 2827 reliquisse.
2203 2780 2283 2834 Cp.

1323 2831 1413 2872 Cic.
1434 2831 1485 2871 de
1505 2832 1576 2872 Or.
1605 2832 1647 2871 ii.
1671 2836 1691 2880 ξ
1717 2833 1794 2873 126
1824 2833 1859 2873 si
1888 2835 1988 2886 quid
2016 2836 2070 2874 ab
2098 2835 2285 2876 Antonio

1323 2892 1395 2926 aut
1460 2887 1791 2939 praetermissum
1847 2896 1919 2929 aut
1983 2889 2173 2930 relictum
2233 2891 2286 2931 sit

1327 2942 1356 2991 (⁶
1379 2941 1653 2993 accidentally
1673 2940 1684 2959 '
1696 2965 1750 2971 —
1764 2944 1775 2963 ‘
1796 2941 2088 2997 intentionally
2106 2944 2153 2997 ’),
2201 2957 2285 2986 non

1323 2996 1528 3048 explices;
1566 3009 1696 3049 neque
1725 3002 1766 3037 te
1795 2998 1966 3044 Antoni,
1995 2999 2030 3038 si
2068 2999 2169 3052 quid
2200 3013 2285 3040 non

1324 3050 1488 3100 dixeris,
1504 3051 1830 3091 existimabimus
1845 3066 1927 3092 non
1948 3054 2132 3105 potuisse
2147 3055 2286 3107 potius

1326 3118 1453 3158 quam
1473 3118 1497 3145 a
1518 3106 1668 3146 Crasso
1688 3107 1770 3146 dici
1789 3107 1996 3148 maluisse.

1383 3171 1445 3200 11.
1475 3162 1754 3201 manifestus
1793 3167 1876 3202 est.
1961 3162 2053 3203 The
2095 3163 2288 3216 personal

1324 3215 1605 3255 construction
1639 3216 1688 3255 of
1713 3216 1795 3255 this
1828 3216 1909 3268 adj.
1937 3218 2039 3257 with
2072 3218 2142 3258 the
2170 3218 2286 3260 infin.

1325 3270 1594 3322 corresponds
1614 3276 1659 3309 to
1683 3270 1753 3310 the
1773 3270 1910 3311 Greek
1936 3270 2056 3321 δῆλός
2078 3272 2283 3326 (φανερός)

1325 3323 1415 3362 ἐστι
1444 3324 1544 3363 with
1578 3337 1603 3363 a
1632 3325 1874 3377 participle:
1904 3339 1968 3378 cp.
1999 3328 2109 3368 Ann.
2142 3328 2184 3368 ii.
2216 3337 2282 3381 57,

1327 3389 1377 3428 13
1406 3378 1617 3419 dissentire
1647 3380 1899 3421 manifestus.
1973 3381 2158 3434 Draeger
2186 3384 2287 3424 cites

1324 3437 1365 3483 (ς
1401 3433 1498 3484 152)
1556 3433 1756 3474 instances
1812 3436 1861 3474 of
1916 3435 1986 3475 the
2043 3449 2159 3476 same
2215 3451 2294 3478 use>

1321 3487 1427 3527 from
1466 3487 1622 3528 Statius
1667 3489 1819 3541 (Theb.
1864 3503 1902 3528 x.
1947 3491 2044 3542 759)
2087 3491 2169 3531 and
2216 3492 2287 3534 the

1322 3542 1508 3594 Digests.
1562 3542 1618 3583 So
1637 3544 1735 3583 with
1754 3550 1969 3596 suspectus,
1994 3546 2104 3587 Hist.
2127 3547 2154 3587 i.
2170 3546 2238 3598 46,
2261 3559 2284 3598 5

1321 3604 1536 3691 suspgcitius
1563 3598 1737 3639 consilia
1773 3601 1863 3639 eius
1900 3600 2060 3641 fovisse.
2117 3601 2196 3654 Cp.
2228 3602 2286 3643 iv,

1320 3661 1373 3703 34
1391 3664 1416 3691 a
1493 3665 1536 3693 n.
