2384 4126
215 240 376 294 xlviii
903 248 1004 298 IN
1002 249 1101 298 TR
1110 250 1313 304 ODUC
1320 252 1405 301 TI
1402 253 1519 307 ΟΝ.

215 389 317 431 arte
338 388 382 432 et
400 386 603 444 scientia,
622 387 706 434 sed
724 388 859 451 longo
883 392 1038 453 magis
1041 393 1285 455 facultate
1306 400 1350 442 et
1369 412 1486 456 usu;
1526 400 1603 444 37.
1636 412 1696 445 10
1718 414 1809 446 non
1834 401 2015 449 viribus
2038 403 2168 452 modo
2183 410 2230 454 et

214 469 381 526 armis,
404 469 490 515 sed
506 469 692 531 ingenio
715 486 887 534 quoque
918 478 963 520 et
991 475 1198 522 oratione
1210 491 1224 535 ς
1267 479 1342 525 19.
1372 492 1433 539 23
1470 480 1527 526 vi
1555 485 1599 526 et
1624 487 1851 542 potestate,
1877 499 1968 531 non
1985 485 2108 532 ·iure
2140 491 2228 535 aut

214 549 416 611 legibus3
455 553 534 599 28.
566 568 625 614 19
652 568 743 600 non
767 555 922 602 studia
947 557 1075 603 modo
1099 566 1349 620 curasque,
1378 561 1462 606 sed
1491 563 1783 611 remissiones
1818 566 1956 613 etiam
1991 568 2224 631 lususque.

214 629 465 694 Compare
489 633 602 681 with
629 634 765 683 these
789 651 1034 700 passageS,
1060 638 1185 701 Agr.
1213 640 1274 689 iii.
1302 657 1330 700 4
1356 658 1446 689 non
1471 652 1592 705 spem
1619 646 1749 693 modo
1779 662 1836 694 ac
1859 654 2014 696 votum
2040 685 2050 697 .
2074 684 2086 697 .
2110 685 2122 699 .
2146 650 2231 699 sed

201 714 361 776 'ipsius
391 716 491 762 voti
494 716 729 778 fiduciam
761 734 819 765 ac
847 718 1020 779 robur3
1063 721 1120 770 iv.
1162 734 1220 784 17
1255 724 1430 771 scilicet
1459 726 1652 774 sublime
1686 734 1730 775 et
1761 735 1954 778 erectum
1989 733 2225 794 ingenium

200 796 602 858 pulchritudinem
638 815 693 846 ac
726 802 915 861 speciem
958 817 1155 864 magnae
1191 807 1482 869 excelsaeque
1517 809 1704 871 gloriae
1745 811 2048 862 vehementius
2081 830 2225 876 quam

211 883 341 925 caute
363 880 595 941 appetebat
605 895 618 939 ;
656 882 787 928 xxxi.
814 898 843 942 4
870 882 986 930 bona
991 884 1313 949 fortunaeque
1337 890 1387 935 in
1412 891 1652 950 tributum,
1679 909 1797 955 ager
1819 900 1954 956 atque
1983 911 2140 944 annus
2170 898 2223 945 in

190 958 496 1023 frumentum
510 977 524 1020 ;
562 962 724 1011 xxxiii.
756 978 812 1010 12
841 980 932 1011 non
935 965 1088 1029 sama
1112 984 1192 1015 nec
1215 986 1403 1018 rumore
1424 974 1507 1019 sed
1529 980 1703 1022 castris
1734 981 1777 1023 et
1808 978 1960 1025 armis
1993 983 2192 1027 tenemus
2207 994 2222 1039 ;

217 1039 374 1089 Germ.
400 1058 509 1090 xxv.
539 1054 564 1104 7
592 1059 682 1091 non
706 1044 958 1107 disciplina
981 1053 1025 1094 et
1043 1052 1283 1098 severitate
1305 1054 1387 1099 sed
1405 1055 1573 1117 impetu
1596 1062 1640 1103 et
1660 1058 1767 1116 ira;
1805 1059 1950 1108 xxvii.
1972 1061 2001 1107 6
2021 1061 2223 1109 lamenta

210 1128 254 1170 et
279 1124 505 1172 lacrimas
528 1127 630 1186 citO,
657 1127 854 1174 dolorem
878 1133 921 1175 et
940 1131 1184 1179 tristitiam
1208 1135 1340 1181 tarde
1351 1143 1540 1198 ponunt
1549 1153 1562 1197 3
1599 1138 1679 1187 xli.
1708 1141 1736 1186 6
1764 1157 1867 1187 cum
1892 1144 2053 1190 ceteris
2068 1146 2224 1206 genti-

211 1205 295 1253 bus
318 1222 459 1254 arma
483 1209 611 1254 modo
633 1213 877 1271 castraque
900 1213 1202 1272 ostendamus,
1226 1215 1301 1263 his
1337 1218 1491 1267 domos
1525 1221 1750 1283 villasque
1775 1222 2087 1287 patefecimus.
2162 1225 2223 1274 In

208 1287 272 1335 all
296 1288 428 1337 three
453 1291 668 1338 treatises
695 1291 839 1353 again
863 1291 998 1341 there
1030 1310 1112 1343 are
1147 1295 1366 1360 frequent
1402 1300 1646 1351 instances
1683 1302 1742 1351 of
1768 1302 1859 1351 the-
1889 1307 2224 1356 construction

207 1369 389 1419 known
415 1386 469 1419 as
492 1374 643 1421 oratio
666 1373 942 1435 bimembris,
969 1377 1067 1425 and
1091 1381 1542 1440 trimembris,—-the
1567 1384 1908 1448 development
1939 1386 1995 1437 of
2023 1404 2088 1437 an
2113 1390 2224 1439 idea

208 1452 257 1500 in
283 1468 312 1501 a
337 1453 512 1517 phrase
536 1456 802 1519 consisting
828 1456 886 1505 of
908 1465 1003 1508 two
1034 1475 1090 1508 or
1114 1476 1250 1512 more
1275 1473 1421 1527 parts,
1495 1466 1568 1516 Of
1589 1467 1685 1517 this
1719 1467 1799 1516 the
1828 1467 2078 1535 following
2106 1487 2223 1536 may

211 1534 273 1583 be
299 1535 445 1584 taken
471 1552 525 1585 as
556 1538 803 1601 examples
820 1554 903 1586 :—

266 1682 400 1728 Dial.
433 1681 504 1726 20.
534 1682 561 1726 8
597 1683 778 1741 Vulgus
810 1698 992 1741 quoque
1024 1687 1171 1731 adsis-
1316 1679 1441 1737 Agr.
1482 1681 1598 1725 xxix.
1640 1693 1692 1738 13
1733 1682 1887 1729 omnis
1927 1683 2142 1731 iuventus
2174 1693 2223 1732 et

206 1757 407 1799 tentium
428 1761 473 1799 et
493 1756 706 1814 adfluens
725 1762 771 1801 et
789 1771 946 1816 vagus
965 1761 1171 1806 auditor.
1258 1753 1426 1809 quibus
1449 1754 1594 1798 cruda
1615 1769 1672 1799 ac
1693 1755 1853 1801 viridis
1875 1765 2105 1803 senectus.

265 1820 400 1873 Dial.
436 1828 509 1873 29.
550 1842 605 1874 10
629 1829 927 1876 histrionalis
940 1834 1102 1891 favor
1127 1839 1174 1878 et
1315 1826 1439 1884 Agr·
1480 1828 1570 1873 XlV·
1616 1840 1634 1872 Ι
1681 1829 1926 1876 Obsessam
1963 1831 2142 1876 curiam
2172 1839 2220 1878 et

197 1902 529 1961 gladiatorum
550 1917 866 1961 equorumque
884 1906 1059 1950 studia.
1258 1900 1470 1946 clausurn
1491 1901 1635 1946 armis
1659 1911 1888 1950 senatum.

265 1976 399 2020 Dial.
435 1975 504 2020 16.
532 1977 589 2021 26
618 1978 686 2021 ad
710 1982 937 2023 naturam
968 1980 1166 2024 saeculo-

206 2063 316 2093 rum
325 2063 381 2094 ac
394 2052 650 2107 respectum
664 2052 886 2095 immensi
895 2053 1039 2097 huius
1047 2054 1168 2098 aevi.

264 2123 397 2168 Dial.
423 2123 492 2167 12.
523 2124 549 2168 8
579 2124 633 2168 in
663 2125 753 2169 illa
792 2130 921 2170 casta
947 2131 994 2171 et
1017 2127 1169 2171 nullis
1314 2121 1440 2189 Agr·
1470 2122 1559 2167 xvi·
1594 2124 1652 2168 26
1684 2122 1911 2168 innocens
1934 2124 2139 2170 Bolanus
2172 2133 2221 2171 et

205 2201 416 2242 contacta
437 2197 574 2241 vitiis
582 2199 790 2255 pectora.
1255 2194 1393 2240 nullis
1415 2195 1599 2241 delictis
1621 2195 1812 2242 invisus.

1316 2268 1475 2314 Germ.
1496 2285 1539 2315 x.
1566 2282 1618 2326 13
1650 2270 1840 2316 candidi
1865 2278 1912 2316 et
1938 2269 2069 2317 nullo
2093 2284 2220 2317 mor-

1253 2341 1336 2386 tali
1359 2356 1500 2400 opere
1521 2343 1740 2388 contacti.

1317 2416 1473 2460 Germ.
1486 2416 1673 2474 xxviii.5
1690 2416 1982 2474 promiscuas
1999 2417 2154 2462 adhuc
2170 2424 2219 2463 et

1253 2489 1381 2534 nulla
1403 2504 1653 2547 regnorum
1675 2490 1886 2547 potentia
1907 2490 2098 2535 divisas.

262 2566 396 2610 Dial.
433 2566 505 2611 40.
546 2578 602 2610 10
644 2567 746 2610 sine
790 2565 1016 2623 obsequio,
1067 2567 1171 2611 sine
1316 2563 1472 2607 Germ.
1490 2579 1620 2609 xxxv.
1645 2565 1671 2608 8
1694 2564 1794 2608 sine
1816 2563 2088 2621 cupiditate,
2111 2563 2216 2610 sine

203 2641 418 2695 veritate,
461 2644 727 2696 contumax,
768 2641 1038 2696 temeraria,
1084 2641 1168 2684 ad-
1254 2636 1545 2694 impotentia,
1568 2636 1709 2695 quieti
1732 2637 2010 2695 secretique.

201 2726 388 2772 rogans.

262 2787 395 2831 Dial.
431 2785 499 2830 13.
540 2796 592 2841 17
629 2800 661 2830 a
695 2785 1094 2830 sollicitudinibus
1125 2790 1172 2830 et
1308 2782 1434 2841 Agr.
1455 2781 1548 2828 xiii.
1582 2794 1601 2828 1
1634 2782 1858 2828 dilectum
1888 2797 1946 2828 ae
1975 2781 2151 2828 tributa
2169 2790 2217 2830 et

203 2861 332 2905 curis
378 2864 424 2903 et
470 2861 737 2903 necessitate
776 2859 943 2903 cotidie
983 2859 1177 2916 aliquid
1253 2855 1460 2902 iniuncta
1481 2855 1663 2914 imperii
1685 2870 1893 2903 munera.

199 2939 365 2979 contra
386 2935 600 2978 animum
607 2933 837 2991 faciendi.

259 3008 395 3052 Dial.
418 3008 458 3053 6.
482 3021 499 3052 1
510 3021 532 3051 1
554 3007 765 3052 homines
780 3011 957 3051 veteres
977 3010 1024 3050 et
1040 3019 1169 3050 senes
1310 3004 1436 3063 Agr.
1452 3003 1525 3048 xli.
1540 3015 1592 3060 13
1609 3002 1818 3060 vigorem
1835 3011 1883 3050 et
1899 3003 2216 3050 constantiam

200 3086 247 3126 et
265 3083 411 3126 totius
431 3082 555 3126 orbis
567 3082 739 3140 gratia
759 3081 998 3124 subnixos.
1250 3085 1298 3124 et
1319 3085 1560 3135 expertum
1581 3077 1715 3123 bellis
1736 3078 1961 3124 animum.

259 3155 394 3199 Dial.
428 3154 500 3199 28.
535 3155 593 3200 26
626 3155 809 3200 sincera
836 3158 882 3197 et
901 3155 1092 3211 integra
1122 3157 1168 3197 et
1314 3151 1469 3196 Germ.
1492 3151 1550 3196 iv.
1573 3163 1599 3194 2
1629 3151 1866 3209 propriam
1898 3159 1947 3198 et
1978 3151 2215 3198 sinceram

200 3229 352 3273 nullis
397 3228 727 3286 pravitatibus
769 3227 953 3272 detorta
1001 3228 1163 3271 unius-
1249 3233 1295 3271 et
1317 3232 1502 3270 tantum
1525 3224 1595 3269 sui
1617 3224 1818 3270 similem
1837 3233 2038 3283 gentem.

199 3303 424 3360 cuiusque
443 3307 636 3347 natura.

268 3440 426 3505 Many
461 3441 599 3489 other
635 3440 956 3504 parallelisms
995 3455 1073 3488 are
1114 3439 1239 3488 c'ited
1275 3440 1325 3487 in
1361 3438 1443 3487 the
1478 3445 1631 3498 noteS,
1670 3452 1725 3486 as
1759 3436 1873 3502 they
1908 3452 2073 3496 occur,
2110 3436 2212 3487 and

199 3524 429 3587 certainly
475 3523 620 3572 claim
665 3539 695 3572 a
739 3523 876 3586 place
923 3523 973 3570 in
1021 3522 1102 3570 the
1149 3529 1404 3585 argument
1451 3521 1526 3568 for
1572 3520 1773 3583 identity
1813 3520 1871 3569 of
1908 3519 2210 3584 authorship.

200 3605 470 3654 Reference
494 3620 608 3669 may
626 3605 729 3654 also
753 3606 816 3653 be
840 3604 984 3653 made
1009 3613 1059 3654 to
1086 3604 1263 3652 certain
1291 3603 1564 3667 significant
1586 3602 1799 3666 phrases,
1820 3617 1957 3652 some
1977 3603 2034 3652 of
2051 3601 2210 3651 which

198 3703 346 3748 seem,
383 3703 437 3736 as
475 3689 510 3736 it
546 3703 685 3748 were,
722 3696 773 3737 to
814 3687 1071 3751 anticipate
1113 3686 1192 3735 the
1235 3685 1448 3734 author's
1486 3685 1607 3734 later
1641 3700 1807 3749 power
1842 3684 1900 3735 of
1933 3685 2077 3734 novel
2112 3684 2212 3734 and
