2424 4166
257 246 327 297 60
914 246 1300 300 CORNELII
1336 247 1424 298 TA
1436 248 1522 301 CI
1521 247 1607 298 TI

178 406 232 446 35
259 390 509 460 exsurgit
547 390 680 443 toris
708 390 966 459 ipsosque
1004 408 1200 445 nervos
1237 391 1404 445 rubor
1428 393 1568 461 tegit
1603 400 1658 446 et
1690 392 1855 445 decor
1892 389 2261 444 commendat.

257 484 410 537 Nolo
458 484 757 537 Corvinum
798 485 1023 554 insequi,
1062 486 1192 554 quia
1234 503 1344 538 non
1388 504 1486 555 per
1524 485 1701 555 ipsum
1740 481 1893 538 stetit
1931 501 2043 552 quo
2082 484 2264 535 minus

258 577 526 630 laetitiam
553 580 895 647 nitoremque
923 587 1236 632 nostrorum
1267 587 1582 648 temporum
1609 580 1975 648 exprimeret3
2013 577 2266 630 videmus

258 664 404 723 enim
432 689 600 740 quam
627 673 828 725 iudicio
856 673 972 726 eius
998 674 1081 726 vis
1105 680 1202 725 aut
1226 673 1395 725 animi
1421 682 1519 727 aut
1544 673 1750 742 ingenii
1776 672 2067 724 suffecerit.

331 768 433 823 22.
472 765 570 817 Ad
612 765 934 819 Ciceronem
973 768 1148 832 venio,
1186 766 1272 820 cui
1311 768 1506 819 eadem
1551 783 1738 834 pugna
1780 783 1905 818 cum
1943 763 2266 833 aequalibus

257 859 371 910 suis
396 860 497 912 fuit
524 877 667 927 quae
694 860 828 912 mihi
854 860 1139 913 vobiscum
1167 867 1267 912 est.
1345 860 1432 912 Illi
1460 861 1606 912 enim
1632 860 1888 927 antiquos
1910 859 2266 920 mirabantur,

257 951 376 1020 ipse
413 970 637 1005 suorum
676 960 992 1022 temporum
1033 953 1407 1021 eloquentiam
1451 952 1858 1021 anteponebat3
1913 969 2014 1005 nec
2057 951 2170 1003 ulla
2209 966 2267 1001 re

259 1046 435 1113 magis
463 1046 711 1101 eiusdem
739 1047 940 1099 aetatis
961 1054 1208 1099 oratores
1234 1047 1533 1114 praecurrit
1559 1062 1728 1113 quam
1757 1045 1973 1098 iudicio.
2051 1044 2267 1096 Primus

209 1147 232 1189 5
258 1139 403 1191 enim
431 1139 678 1192 excoluit
710 1140 1035 1204 orationem,
1068 1141 1279 1207 primus
1314 1148 1369 1192 et
1395 1139 1579 1192 verbis
1617 1139 1894 1192 delectum
1921 1137 2174 1191 adhibuit
2209 1144 2266 1190 et

313 1277 336 1316 3
342 1278 378 1318 5.
407 1266 554 1307 rubore
569 1267 705 1308 ADC.

937 1267 1001 1319 36.
1033 1267 1137 1320 quia
1156 1280 1239 1307 non
1261 1268 1491 1317 EV2CAD,
1513 1267 1616 1320 quia
1635 1279 1707 1307 nec
1722 1267 1797 1306 AB
1820 1265 1940 1319 (quia
1958 1271 2096 1328 mfper
2113 1264 2268 1318 HSp.).

259 1328 324 1372 37.
355 1321 546 1361 videmus
563 1323 678 1362 enim
696 1334 824 1375 quam
843 1322 955 1375 John
974 1337 982 1364 :
1013 1323 1247 1362 viderimus
1267 1323 1445 1376 inquam
1465 1322 1726 1370 ABCADH,
1740 1321 1973 1361 viderimus
1988 1334 2037 1359 m
2056 1324 2268 1372 quantum

259 1376 381 1424 EV2:
412 1381 452 1415 et
479 1377 669 1416 videmus
697 1377 746 1417 in
774 1383 983 1430 quantum
1012 1380 1096 1429 (cp.
1117 1379 1157 1418 2.
1186 1378 1251 1430 ¹3)
1281 1377 1512 1427 Acidalius,
1536 1376 1682 1426 Halm,
1706 1375 1866 1416 Miiller
1895 1375 1977 1427 (for
2004 1387 2077 1414 nec
2107 1405 2116 1414 .
2149 1405 2160 1415 .
2190 1403 2201 1414 .
2229 1378 2270 1414 et

260 1444 327 1482 cp.
344 1433 380 1470 2.
401 1442 450 1471 10
468 1444 477 1471 ε
507 1433 571 1472 33.
590 1433 683 1482 11):
710 1433 899 1472 videmus
918 1432 1031 1473 enim
1053 1433 1101 1472 z'n
1129 1438 1338 1485 quantum
1359 1432 1577 1482 Baehrens,
1596 1432 1834 1471 uberrimus
1853 1429 1902 1468 z'n
1927 1433 2138 1483 quantum
2155 1458 2166 1468 .
2187 1458 2198 1468 .
2220 1458 2232 1469 .
2253 1458 2266 1470 .

258 1484 420 1539 sufficit
439 1486 674 1526 Heumann.
730 1487 856 1527 Some
875 1487 970 1527 who
989 1487 1088 1527 read
1108 1499 1179 1526 nec
1197 1487 1364 1539 explain
1382 1487 1417 1526 it
1438 1499 1590 1526 as=ne
1607 1485 1774 1538 quidem
1796 1488 1880 1534 (see
1900 1484 2057 1524 Introd.
2077 1497 2119 1537 p.
2139 1483 2268 1537 lviii).

314 1543 386 1580 22.
417 1554 456 1587 4.
486 1541 668 1581 eiusdem
686 1542 835 1582 aetatis
852 1547 1032 1583 oratores
1046 1541 1325 1593 EV2CADH,
1347 1547 1525 1582 oratores
1543 1541 1692 1581 aetatis
1709 1538 1889 1581 eiusdem
1907 1539 1998 1579 AB.

315 1661 380 1702 35.
410 1655 624 1699 exsurgit
638 1654 767 1701 toris,
783 1653 949 1693 ‘makes
964 1653 1034 1693 the
1046 1652 1222 1693 muscles

259 1705 377 1800 slwell
407 1712 480 1746 out
498 1720 507 1748 :
525 1705 534 1722 ’
586 1709 596 1727 ‘
614 1706 790 1748 careers’
826 1721 874 1747 or
907 1714 917 1730 ⁴
933 1707 1086 1748 revels’
1125 1721 1223 1748 over

259 1767 275 1801 t
306 1774 395 1801 ern..

315 1827 502 1863 nei-voe,
527 1815 744 1858 ‘sinews'z
774 1830 841 1858 see
869 1817 1020 1869 Mayor
1049 1831 1103 1857 on
1131 1817 1220 1858 Cic.

260 1870 314 1911 de
334 1870 434 1910 Nat.
456 1872 582 1910 Deor.
603 1872 645 1911 ii.
669 1875 690 1919 5
717 1872 807 1922 136.
866 1873 937 1913 Tr.
971 1872 1122 1912 ‘while
1150 1872 1221 1912 the

261 1926 408 1965 sinews
429 1930 502 1964 too
522 1926 638 1965 show
657 1939 682 1965 a
702 1927 836 1980 ruddy
857 1927 1119 1980 complexion
1139 1926 1221 1966 and

261 1993 287 2019 a
305 1980 488 2032 graceful
509 1979 690 2022 outline!

319 2033 382 2085 56.
415 2037 686 2076 Corvinum.
743 2035 820 2077 See
840 2050 895 2076 on
918 2039 981 2077 12.
1002 2036 1057 2076 ad
1077 2037 1147 2077 fin.

316 2102 414 2129 non
450 2102 537 2136 per
567 2093 726 2137 ipsum
759 2095 893 2132 stetit
924 2105 1018 2139 quo
1050 2095 1221 2132 minus.

262 2144 342 2197 Cp.
363 2143 468 2206 Livy
486 2144 542 2185 vi.
565 2157 628 2196 33,
655 2159 675 2185 2
706 2146 810 2185 nihil
830 2159 904 2199 per
923 2146 1077 2186 alteros
1099 2153 1221 2195 stare,

261 2212 346 2252 quo
383 2211 519 2240 minus
556 2200 722 2253 incepta
761 2207 1118 2254 persequerentur:
1167 2203 1222 2241 ix,

266 2265 328 2304 14,
363 2265 380 2292 1
402 2267 411 2294 :
460 2254 568 2295 Plin.
607 2255 689 2308 Ep.
722 2256 776 2296 vi.
810 2268 877 2308 34,
917 2269 941 2307 3
988 2256 1102 2309 quod
1140 2270 1224 2310 quo

261 2309 398 2349 minus
417 2309 643 2359 exhiberes,
663 2324 747 2350 non
767 2324 841 2364 per
858 2318 900 2351 te
920 2313 1045 2352 stetit.

320 2372 384 2415 37.
414 2366 646 2405 laetitiam
664 2368 975 2413 nitoremque.
1034 2366 1170 2406 There
1189 2366 1225 2405 is

263 2432 289 2459 a
309 2417 466 2458 similar
480 2419 730 2460 collocation
746 2421 792 2460 of
807 2422 940 2460 laetus
958 2421 1040 2461 and
1060 2421 1225 2461 nitidus

263 2486 309 2523 as
328 2473 508 2526 epithets
528 2474 577 2514 of
591 2475 694 2526 style
714 2475 757 2515 in
778 2476 865 2516 Cic.
887 2476 938 2516 de
959 2476 1030 2516 Or.
1056 2487 1073 2514 1
1102 2480 1122 2524 ξ
1146 2478 1191 2515 81
1213 2490 1222 2517 :

263 2541 327 2576 cp.
350 2529 420 2568 Or.
443 2533 464 2576 ξ
482 2528 547 2579 36.
606 2530 691 2569 For
716 2530 881 2570 laetitia
903 2531 933 2584 (‘
947 2530 1226 2581 floweriness,'

264 2585 275 2605 ‘
293 2583 530 2624 luxuriance
545 2585 574 2635 ⁹)
597 2597 664 2625 see
683 2598 736 2624 on
756 2587 821 2625 20.
843 2598 883 2637 9.

321 2640 387 2686 38.
413 2650 566 2685 quam.
625 2639 696 2678 Tr.
718 2641 729 2660 ‘
747 2640 843 2679 how
857 2639 1147 2692 inadequately
1161 2640 1227 2680 his

264 2692 423 2732 critical
453 2692 610 2745 faculty
629 2706 715 2733 was
743 2695 971 2747 supported
1001 2696 1055 2746 by
1078 2695 1223 2747 imagi-

263 2748 402 2786 native
436 2761 484 2786 or
512 2749 686 2788 creative
718 2747 891 2801 ability)
950 2748 1007 2789 So
1039 2751 1050 2770 ‘
1068 2749 1225 2788 viribus

264 2799 427 2841 minor'
457 2802 598 2853 Quint.
620 2817 658 2842 x.
685 2814 718 2854 1,
749 2814 824 2854 113
861 2804 1032 2856 (quoted
1067 2817 1121 2844 on
1158 2805 1223 2844 18.

269 2867 286 2894 1
296 2855 338 2908 2)
348 2886 357 2896 .
399 2856 476 2908 Cp.
490 2857 637 2907 above,
651 2857 829 2897 Calvum
848 2858 1096 2898 intellexisse
1111 2859 1224 2911 quod

265 2910 412 2950 melius
440 2917 558 2961 esset,
587 2925 662 2952 nec
689 2912 943 2954 voluntatem
971 2914 1009 2953 ei
1041 2943 1052 2953 .
1079 2945 1088 2954 .
1111 2945 1120 2954 .
1151 2914 1224 2953 sed

263 2965 476 3017 ingenium
502 2979 551 3006 ac
570 2967 676 3007 vires
701 2967 890 3008 defuisse.
970 2968 1053 3007 For
1079 2981 1223 3021 quam,

265 3019 485 3083 following
512 3020 639 3070 video,
672 3035 737 3074 cp.
759 3022 847 3064 Cic.
869 3023 921 3063 de
939 3023 1010 3064 Or.
1033 3023 1075 3062 ii.
1098 3026 1119 3070 ξ
1146 3024 1224 3062 180

265 3075 360 3115 v1de
380 3088 505 3127 quam
517 3076 611 3126 sim,
624 3077 771 3130 inquit,
787 3077 887 3118 deus
903 3079 944 3117 in
957 3078 1037 3118 isto
1052 3091 1224 3130 genere:

264 3130 325 3169 iii.
362 3133 383 3178 ξ
420 3141 467 3181 51
510 3132 626 3184 atqui
664 3132 791 3181 vides,
827 3133 963 3187 inquit
1000 3133 1225 3182 Antonius,

265 3198 389 3238 quam
411 3185 515 3224 alias
533 3199 595 3225 res
615 3199 799 3238 agamus.

320 3242 499 3281 iudicio
520 3241 555 3280 is
569 3241 664 3281 here
682 3243 692 3262 ⁴
707 3255 848 3294 power
863 3241 912 3281 of
923 3241 1226 3291 discemment‚’

266 3294 407 3334 rather
427 3295 528 3335 than
553 3298 563 3316 ‘
577 3294 706 3336 taste'
729 3298 785 3347 (1.
807 3309 845 3348 9,
871 3299 936 3336 22.
957 3296 1018 3348 4).

322 3352 394 3390 22.
427 3360 461 3389 1.
491 3363 650 3397 pugna
675 3363 783 3392 cum
809 3354 1086 3398 aequalibus
1115 3354 1226 3391 suis.

265 3402 402 3444 These
414 3418 520 3444 were
535 3405 604 3445 the
619 3406 1046 3456 Atticists‚—Calvus‚
1065 3406 1228 3455 Brutus,

268 3457 452 3508 Caelius,
473 3459 553 3498 and
587 3459 657 3500 the
687 3466 771 3501 two
803 3461 965 3501 Asinii:
1005 3474 1069 3514 ep.
1092 3474 1146 3501 on
1164 3461 1227 3500 ob-

266 3517 498 3553 trectatores
519 3516 584 3555 18.
608 3526 686 3567 19:
729 3516 870 3568 Quint.
893 3517 963 3556 xii.
989 3527 1053 3565 10,
1076 3519 1123 3563 ἐξ
1150 3527 1229 3554 12-

273 3577 336 3618 14.
408 3568 458 3607 In
496 3568 699 3610 Tacitus’s
736 3584 830 3610 own
877 3570 975 3623 day,
1011 3584 1037 3611 a
1074 3570 1228 3611 certain

267 3620 443 3672 Largius
459 3622 643 3684 ‘Licinus
679 3625 870 3677 repeated
903 3626 973 3666 the
1011 3625 1227 3667 criticisms

268 3674 318 3714 of
350 3677 519 3717 Asinius
557 3678 708 3720 Gallus
747 3680 790 3720 in
827 3693 854 3721 a
890 3680 1009 3723 work
1055 3679 1228 3720 entitled

1311 1653 1632 1694 Ciceromastix:
1673 1665 1738 1704 cp.
1766 1650 1866 1692 Aul.
1898 1650 2009 1691 Gell.
2039 1649 2138 1690 xvii.
2173 1660 2211 1698 1,
2244 1659 2264 1689 1

1280 1724 1290 1735 κ
1306 1707 1496 1747 nonnulli
1515 1713 1602 1747 tam
1615 1706 1845 1760 prodigiosi
1859 1711 2027 1758 tamque
2045 1704 2269 1744 vaecordes

1306 1763 1546 1803 exstiterunt
1575 1763 1616 1801 in
1640 1762 1788 1814 quibus
1813 1767 1906 1800 sunt
1927 1759 2077 1799 Gallus
2097 1759 2269 1799 Asinius

1307 1824 1347 1858 et
1363 1817 1538 1868 Largius
1553 1816 1733 1865 Licinus,
1749 1815 1865 1855 cuius
1885 1814 1989 1855 liber
2003 1815 2128 1855 etiam
2143 1815 2269 1854 fertur

1306 1872 1479 1913 infando
1502 1871 1626 1911 titulo
1648 1875 1660 1892 ‘
1676 1868 2000 1917 Ciceromastix:
2020 1874 2067 1910 ut
2091 1869 2268 1909 scribere

1305 1928 1393 1967 ausi
1427 1927 1509 1966 sint
1545 1926 1606 1966 M.
1636 1926 1880 1967 Ciceronem
1920 1937 2068 1977 parum
2107 1924 2268 1976 integre

1305 1988 1427 2034 atque
1489 1981 1716 2034 improprie
1780 1985 1904 2031 atque
1964 1978 2268 2020 inconsiderate

1304 2037 1502 2077 locutum.

1361 2103 1399 2142 4.
1429 2093 1641 2131 eiusdem
1679 2092 1846 2131 aetatis
1885 2093 2108 2129 oratores.
2177 2086 2270 2128 The

1307 2146 1443 2198 origin
1482 2146 1531 2185 of
1561 2144 1631 2186 the
1669 2145 1829 2185 variant
1871 2146 1882 2166 ‘
1896 2149 2078 2184 oratores
2123 2143 2269 2183 aetatis

1307 2201 1489 2241 eiusdem
1503 2199 1513 2216 '
1553 2199 1756 2253 (adopted
1789 2199 1845 2251 by
1878 2198 2030 2248 Halm)
2062 2210 2193 2238 seems
2221 2203 2268 2237 to

1307 2256 1413 2296 have
1441 2257 1545 2296 been
1573 2255 1664 2295 that
1686 2254 1844 2307 (owing
1872 2260 1919 2294 to
1944 2266 1969 2292 a
1988 2252 2207 2304 similarity
2226 2253 2270 2292 in

1308 2311 1379 2351 the
1406 2310 1669 2363 compendia)
1691 2309 1822 2350 either
1845 2308 1995 2348 aetatis
2019 2321 2067 2348 or
2090 2313 2271 2347 oratores

1307 2379 1393 2406 was
1412 2365 1588 2406 omitted
1612 2365 1720 2404 from
1739 2364 1809 2403 the
1830 2369 1916 2404 text
1940 2363 2023 2402 and
2043 2362 2205 2402 written
2225 2361 2270 2401 in

1309 2422 1441 2461 above
1468 2420 1539 2461 the
1567 2419 1663 2460 line.
1721 2419 1856 2458 These
1884 2423 1970 2458 two
1993 2418 2131 2457 words
2159 2421 2271 2456 must

1308 2475 1414 2515 have
1434 2474 1557 2515 stood
1576 2481 1670 2515 next
1684 2472 1787 2514 each
1803 2474 1921 2514 other
1936 2473 1978 2511 in
1994 2472 2065 2512 the
2077 2470 2270 2523 original.

1309 2530 1353 2570 If
1366 2536 1544 2570 oratores
1558 2529 1723 2582 slipped
1738 2534 1820 2576 out,
1836 2528 1917 2567 and
1929 2540 2016 2567 was
2031 2525 2271 2567 afterwards

1308 2584 1496 2631 inserted,
1512 2597 1574 2624 we
1595 2584 1746 2623 should
1763 2583 1869 2623 have
1887 2582 1970 2622 had
1989 2582 2120 2622 either
2139 2587 2149 2603 ‘
2164 2581 2269 2620 eius·

1310 2640 1404 2679 dem
1421 2639 1567 2679 aetatis
1583 2644 1765 2678 oratores
1777 2636 1786 2653 ’
1805 2650 1853 2677 or
1868 2639 1879 2658 ‘
1891 2642 2074 2677 oratores
2085 2635 2270 2676 eiusdem

1309 2694 1456 2734 aetatis
1470 2693 1505 2734 ἐ
1535 2692 1573 2732 if
1584 2692 1748 2742 aetatis,
1769 2692 1868 2731 then
1891 2694 1903 2712 ‘
1918 2691 2102 2731 eiusdem
2121 2690 2270 2730 aetatis

1309 2746 1519 2788 oratores.’
1577 2748 1796 2787 Moreover
1808 2746 2027 2787 Gudeman
2039 2745 2178 2798 points
2197 2750 2271 2785 out

1309 2804 1400 2843 that
1447 2806 1457 2823 ‘
1472 2808 1543 2842 out
1589 2802 1637 2842 of
1678 2801 1820 2853 nearly
1859 2812 1939 2852 500
1977 2799 2189 2852 examples
2225 2800 2270 2839 in

1309 2858 1481 2898 Tacitus
1506 2858 1555 2897 of
1577 2871 1630 2897 an
1659 2856 1894 2896 attributive
1923 2868 1994 2895 use
2023 2854 2071 2894 of
2093 2855 2201 2894 idem
2222 2867 2271 2894 or

1307 2913 1361 2953 its
1391 2912 1583 2952 inflected
1614 2912 1753 2960 forms,
1776 2911 1810 2951 it
1837 2911 1872 2950 is
1900 2909 2052 2963 placed
2085 2909 2190 2949 after
2216 2910 2271 2950 its

1306 2981 1418 3008 noun
1437 2968 1478 3006 in
1498 2968 1572 3007 but
1577 2967 1670 3020 five
1689 2978 1899 3019 passages,
1920 2965 2001 3004 and
2027 2963 2141 3004 these
2169 2963 2271 3016 only

1306 3024 1349 3063 in
1369 3023 1433 3062 his
1451 3022 1576 3062 latest
1589 3021 1716 3061 work.
1774 3022 1853 3073 Cp.
1870 3021 1980 3059 Ann.
1997 3019 2040 3059 ii.
2061 3031 2126 3070 14,
2146 3030 2164 3058 1
2187 3031 2272 3058 nox

1307 3077 1477 3118 eadem:
1508 3077 1587 3117 xiv.
1613 3088 1654 3128 9,
1677 3088 1700 3127 3
1719 3083 1839 3116 nocte
1854 3075 2022 3115 eadem:
2052 3073 2138 3114 xiii.
2163 3081 2226 3125 17,
2247 3084 2266 3113 1

1308 3146 1393 3172 nox
1420 3131 1566 3172 eadem
1591 3144 1759 3172 necem:
1790 3131 1849 3170 iii.
1870 3128 1937 3182 69,
1962 3140 2008 3168 21
2031 3129 2120 3168 viro
2140 3141 2270 3182 quon·

1309 3188 1409 3227 dam
1424 3186 1579 3226 ordinis
1595 3186 1780 3226 eiusdem
1797 3199 1806 3226 :
1836 3184 1891 3226 vi.
1908 3197 1974 3235 32,
1990 3195 2037 3223 12
2056 3183 2271 3223 Tiridaten

1311 3241 1523 3294 sanguinis
1539 3242 1721 3281 eiusdem
1740 3237 1975 3280 aemulum.'
2032 3239 2188 3290 Again‚
2201 3243 2211 3259 ‘
2225 3238 2271 3278 in

1311 3297 1483 3337 Tacitus
1510 3296 1690 3336 eiusdem
1714 3295 1816 3334 with
1845 3295 1901 3334 its
1928 3293 2180 3334 substantive
2208 3293 2270 3332 in-

1309 3350 1497 3402 variably
1523 3351 1718 3403 precedes
1745 3350 1815 3389 the
1848 3362 1959 3388 noun
1991 3360 2105 3400 upon
2132 3346 2271 3387 which

1310 3407 1343 3446 it
1372 3406 1569 3458 depends,
1601 3412 1746 3457 except
1772 3404 1880 3443 Ann.
1906 3403 1966 3443 iii.
1994 3403 2061 3455 69,
2087 3412 2133 3442 21
2160 3401 2272 3442 cited

1310 3459 1470 3502 above.'

1366 3517 1560 3563 iudicio,
1587 3516 1599 3536 ‘
1614 3511 1744 3554 taste’
1802 3511 1859 3552 So
1878 3519 1920 3553 at
1942 3514 1978 3554 l.
1998 3524 2038 3564 9,
2058 3513 2124 3552 20.
2149 3522 2213 3552 20.

1366 3581 1403 3622 5.
1433 3572 1641 3610 excoluit
1662 3570 1934 3615 orationem,
1959 3570 1970 3589 ‘
1984 3579 2088 3619 gave
2107 3580 2133 3606 a
2148 3565 2271 3606 finish

1310 3630 1356 3667 to
1374 3624 1503 3677 style.’
1543 3624 1621 3677 Cp.
1643 3623 1714 3663 the
1732 3635 1803 3663 use
1822 3622 1871 3662 of
1885 3623 2022 3662 cultus
2034 3640 2066 3654 -ε
2078 3624 2088 3642 ‘
2102 3618 2271 3674 polish.’

1363 3682 1524 3721 verbis
1540 3710 1551 3721 .
1575 3709 1586 3720 .
1606 3710 1616 3720 .
1637 3680 1982 3725 compositioni.
2025 3677 2104 3730 Cp.
2122 3677 2188 3717 21.
2206 3683 2270 3729 17.
