2424 4166
642 283 1038 335 DIALOGUS
1073 284 1187 334 DE
1224 283 1367 334 ORA
1384 284 1728 339 TORIBUS.
2117 285 2184 356 83

186 424 482 484 dicendum
520 425 762 476 materia.
841 425 988 478 Nam
1033 425 1087 477 in
1132 426 1348 478 iudiciis
1394 426 1506 479 fere
1549 427 1620 479 de
1664 427 1958 493 aequitate,
1996 428 2050 479 in
2089 430 2183 481 de-

184 518 597 571 liberationibus
632 517 698 570 de
731 518 984 582 utilitate,
1020 520 1080 572 in
1114 518 1519 571 laudationibus
1553 519 1624 571 de
1648 518 1937 572 honestate
1963 520 2183 573 disseri-

187 628 324 676 muS,
350 611 427 664 ita
454 619 631 663 tamen
657 617 719 662 ut
745 610 1068 680 plerumque
1098 612 1235 665 haec
1267 613 1386 679 ipsa
1421 612 1475 663 in
1499 612 1677 664 vicem
1714 612 2074 665 misceantur:
2114 613 2186 666 de

185 705 382 773 quibus
424 704 647 771 copiose
683 711 740 756 et
777 704 926 757 varie
964 712 1020 757 et
1061 712 1252 757 ornate
1292 723 1456 757 nemo
1497 705 1678 757 dicere
1722 713 1907 773 potest
1946 706 2048 757 nisi
2087 706 2182 773 qui

186 798 443 864 cognovit
493 806 746 850 naturam
802 797 1102 851 humanam
1152 805 1207 850 et
1256 798 1369 850 vim
1418 798 1685 850 virtutum
1743 799 2186 867 pravitatemque

184 891 443 944 vitiorum
471 899 526 943 et
550 890 710 943 habet
731 891 1071 945 intellectum
1099 909 1287 944 eorum
1314 908 1455 959 quae
1480 908 1579 945 nec
1604 892 1659 944 in
1685 892 1977 944 virtutibus
2003 910 2102 945 nec
2130 893 2187 945 in

183 983 328 1036 vitiis
353 992 724 1038 numerantur.
800 986 894 1037 Ex
912 984 997 1037 his
1017 985 1259 1038 fontibus
1276 985 1443 1037 etiam
1466 984 1558 1036 illa
1579 985 1877 1053 profluunt,
1895 993 1956 1038 ut
1975 986 2186 1039 facilius

185 1076 322 1129 iram
348 1077 539 1130 iudicis
564 1078 652 1131 vel
680 1079 907 1147 instiget
931 1078 1018 1131 vel
1050 1078 1214 1131 leniat
1246 1078 1339 1146 qui
1367 1078 1471 1131 scit
1497 1079 1629 1146 quid
1661 1079 1756 1141 ira,
1783 1087 1839 1131 et
1874 1079 2186 1146 promptius

185 1171 258 1229 ad
290 1172 693 1224 miserationem
722 1172 970 1240 impellat
997 1172 1090 1240 qui
1116 1173 1220 1224 scit
1248 1172 1382 1240 quid
1410 1173 1481 1224 sit
1509 1173 1879 1227 misericordia
1906 1182 1961 1226 et
1988 1173 2186 1241 quibus

185 1265 353 1318 animi
398 1265 638 1318 motibus
682 1266 1002 1318 concitetur.
1094 1266 1159 1317 In
1204 1266 1290 1317 his
1335 1265 1544 1319 artibus
1587 1267 2185 1335 exercitationibusque

185 1367 436 1412 versatus
474 1366 672 1423 orator,
699 1359 813 1411 sive
844 1359 993 1428 apud
1033 1358 1259 1412 infestos
1294 1359 1408 1411 sive
1439 1361 1589 1428 apud
1623 1360 1852 1429 cupidos
1883 1361 1997 1412 sive
2035 1361 2185 1430 apud

243 1479 280 1519 8.
309 1479 357 1519 de
376 1479 575 1528 utilitate,
601 1478 650 1518 in
669 1478 980 1518 laudationibus
997 1478 1091 1518 add.
1112 1479 1298 1519 Ursinus.
1315 1481 1327 1496 '

148 1507 157 1522 ι
184 1533 278 1587 ipsa
291 1534 567 1584 EV2CADH,
588 1533 684 1573 haec
703 1534 791 1572 AB.

185 1589 330 1629 above.
387 1601 459 1628 nec
486 1618 496 1628 .
529 1618 539 1628 .
569 1617 579 1626 .
605 1601 676 1627 nec
694 1588 784 1636 AB,
807 1601 936 1640 neque
956 1618 965 1627 .
981 1613 1005 1627 -.
1039 1619 1048 1628 .

185 1703 226 1738 et
244 1697 290 1737 F.
310 1697 458 1748 Jacob,
478 1697 568 1736 irae
586 1696 706 1736 codd.

243 1800 279 1845 7.
310 1795 501 1833 iudiciis
521 1823 532 1832 .
554 1823 564 1833 .
587 1822 597 1831 .
617 1794 1044 1832 deliberationibus
1061 1824 1070 1834 .
1094 1823 1105 1834 .
1127 1823 1138 1834 .

184 1849 551 1888 laudationibus.
595 1847 686 1886 The
706 1847 906 1888 reference
926 1848 960 1887 is
980 1848 1075 1887 here
1094 1853 1139 1887 to

184 1903 254 1943 the
271 1903 385 1943 three
398 1914 552 1953 genera
570 1914 816 1942 causarum:
850 1902 911 1954 (1)
928 1902 997 1941 the
1012 1915 1140 1954 genus

183 1956 379 1997 iudiciale
389 1955 641 2007 (δικανικόν),
653 1955 714 2007 (2)
727 1957 794 1996 the
802 1969 931 2008 genus
938 1957 1139 1996 delibera

183 2012 315 2052 tivum
352 2011 438 2051 sive
475 2011 703 2050 suasorium
740 2010 1140 2063 (συμβουλευτικόν),

184 2067 267 2106 and
298 2065 360 2134 (3)
389 2065 459 2106 the
487 2077 615 2118 genus
642 2064 1010 2106 demonstrativum
1043 2066 1142 2115 (ἑπι-

188 2119 404 2169 δεικτικόν)
423 2133 471 2159 or
486 2118 743 2159 laudativum
769 2119 1140 2171 (ἐγκωμιαστικόν).

185 2174 263 2216 800
291 2175 386 2227 Cop
387 2188 424 2222 e,
451 2175 578 2214 Arist.
607 2173 727 2213 Rhet.
756 2175 911 2215 Introd.
936 2176 1140 2224 118—123‚

185 2230 267 2271 and
294 2189 386 2270 thep
392 2235 509 2269 notes
537 2242 591 2267 on
623 2238 686 2278 13.
716 2233 735 2277 ξ
769 2241 820 2268 1·
811 2259 820 2268 .
854 2230 941 2269 Cic.
970 2229 1021 2268 de
1050 2230 1138 2269 Inv.

185 2284 215 2324 i.
239 2288 287 2332 ξς
313 2292 350 2335 7,
373 2284 413 2332 8,
438 2294 512 2332 123
544 2284 586 2322 ii.
611 2285 658 2332 ἐξ
685 2294 745 2331 12,
777 2295 852 2333 13:
888 2284 1003 2324 Orat.
1031 2284 1139 2324 Part.

190 2342 240 2387 §5
265 2350 410 2389 10-14,
432 2337 622 2390 69-138:
654 2339 706 2378 de
726 2338 840 2378 Orat.
866 2349 901 2378 1.
925 2340 946 2385 ξ
973 2349 1060 2389 141.
1101 2339 1141 2378 A

187 2393 488 2435 consideration
510 2393 557 2433 of
570 2394 683 2434 these
699 2405 891 2445 passages
909 2395 971 2442 (as
984 2392 1080 2432 well
1097 2406 1143 2432 as

186 2462 213 2490 a
230 2448 433 2488 reference
450 2454 494 2487 to
515 2448 584 2488 the
602 2447 737 2488 words
757 2447 809 2486 de
825 2447 942 2487 bonis
957 2460 1005 2486 ac
1020 2447 1142 2487 malis

186 2503 294 2543 —de
313 2501 487 2542 honesto
507 2508 546 2542 et
567 2502 782 2555 turpi—de
796 2503 903 2541 iusto
917 2506 957 2541 et
968 2501 1138 2546 iniusto)

187 2557 275 2597 will
312 2557 429 2596 show
465 2556 536 2597 the
572 2556 769 2607 necessity
806 2556 854 2595 of
890 2569 1005 2596 some
1042 2556 1143 2596 such

187 2611 376 2652 addition
414 2617 459 2651 to
495 2611 565 2652 the
602 2617 688 2651 text
720 2624 766 2650 as
802 2611 892 2650 that
929 2610 1049 2650 made
1087 2611 1142 2662 by

188 2666 360 2708 Ursinus
375 2679 384 2705 τ
406 2679 472 2718 cp.
485 2666 708 2718 especially
722 2665 809 2705 Cic.
823 2665 873 2704 de
886 2666 975 2704 InV.
990 2665 1032 2704 ii.
1051 2668 1071 2712 §
1091 2677 1107 2703 1
1117 2676 1140 2714 3

188 2721 239 2761 In
275 2721 436 2760 iudiciis
473 2721 571 2772 quid
609 2733 783 2773 aequum
827 2720 880 2759 sit
919 2719 1138 2771 quaeritur,

188 2776 232 2816 in
261 2775 676 2815 demonstrationibus
705 2774 804 2826 quid
838 2773 1066 2822 honestum,
1098 2774 1141 2813 in

189 2829 564 2879 deliberationibus,
589 2835 634 2869 ut
661 2842 738 2868 nos
766 2828 1018 2875 arbitramur,
1042 2829 1142 2880 quid

188 2883 408 2924 honestum
428 2884 481 2923 sit
500 2891 541 2924 et
563 2884 662 2936 quid
685 2883 798 2923 utile.
858 2884 939 2922 But
969 2883 1144 2954 looking

187 2944 234 2979 to
248 2938 318 2978 the
333 2943 416 2977 two
433 2951 551 2977 mam
566 2938 647 2977 div
635 2938 763 2977 isions
776 2937 841 2976 of‘
851 2935 1142 2977 deliberative’

191 2992 270 3032 and
285 2990 498 3032 ‘forensic'
510 2992 732 3044 eloquence
742 2991 935 3041 (iudicia,
946 2992 1140 3030 delzbera-

190 3047 333 3094 tiones,
354 3046 441 3086 Cic.
464 3046 514 3084 de
534 3046 637 3085 Or.
627 3059 652 3084 1.
676 3050 695 3092 ξ,
722 3056 811 3094 141,
839 3058 902 3096 cp.
928 3058 981 3084 on
1002 3047 1069 3085 34.
1093 3055 1140 3095 15

189 3099 343 3148 below)
363 3100 395 3139 it
416 3113 512 3150 may
530 3100 581 3139 be
607 3098 845 3151 questioned
863 3098 1046 3138 whether
1073 3099 1143 3138 the

191 3153 394 3193 amended
414 3159 499 3193 text
515 3152 643 3205 ought
657 3159 731 3192 not
747 3158 791 3192 to
805 3166 878 3191 run
898 3157 908 3174 ‘
921 3153 961 3191 in
982 3152 1143 3192 iudiciis

192 3208 274 3248 fere
301 3207 352 3247 de
378 3208 593 3258 aequitate,
628 3207 670 3246 in
703 3206 1065 3246 deliberationibus
1091 3207 1142 3246 de

191 3262 370 3303 utilitate
389 3267 428 3300 et
448 3261 499 3301 de
519 3261 729 3301 honestate
749 3261 983 3300 disserimus
995 3259 1006 3278 '
1020 3274 1030 3301 z
1061 3261 1143 3301 this

191 3315 329 3355 would
361 3315 504 3355 render
539 3315 620 3356 less
657 3328 870 3366 necessary
905 3315 974 3355 the
1003 3319 1143 3354 tamen

192 3370 385 3423 supplied
413 3369 761 3422 immemediately
778 3369 927 3419 below,
950 3369 1085 3410 which
1108 3370 1144 3409 is

192 3423 319 3464 found
338 3424 379 3462 in
399 3437 452 3464 no
475 3423 564 3464 MS.

247 3490 287 3530 9.
317 3481 386 3518 ita
402 3483 560 3518 tamen
577 3482 646 3518 ut.
702 3477 759 3518 So
780 3479 843 3517 16.
867 3489 942 3527 223
972 3479 1037 3519 38.
1060 3486 1096 3531 7.

247 3536 544 3580 plerumque:
577 3545 643 3573 see
664 3546 717 3572 on
739 3534 776 3573 6.
799 3533 837 3574 8.

249 3589 302 3626 in
347 3589 500 3627 vicem
545 3590 841 3627 misceantur.
918 3587 996 3639 Cp.
1042 3586 1143 3639 Agr.

195 3641 362 3681 xxxviii.
392 3651 414 3692 5
445 3641 660 3682 Britanni.
717 3642 916 3682 ,miscere
943 3641 985 3680 in
1014 3642 1144 3681 vicem

194 3695 367 3737 consilia
383 3724 395 3736 .
420 3723 431 3736 .
451 3724 461 3735 .
482 3695 576 3737 dein
602 3707 800 3748 separare.
857 3696 942 3736 For
967 3694 1037 3736 the
1062 3695 1147 3736 fact

1450 1491 1487 1531 9.
1517 1484 1657 1519 tamen
1686 1480 1779 1520 add.
1809 1479 2035 1520 Acidalius.
2091 1480 2188 1520 haec

978 1544 1041 1573 12.
1071 1533 1190 1573 habet
1208 1533 1301 1573 add.
1323 1532 1514 1585 Schopen
1538 1534 1658 1585 <after
1678 1534 1964 1583 intellectum),
1989 1534 2118 1573 Halm
2141 1547 2188 1574 as

1082 1619 1092 1628 .
1113 1600 1242 1640 neque
1265 1588 1412 1639 CEV2‚
1442 1601 1513 1627 nec
1534 1619 1543 1627 .
1575 1619 1585 1628 .
1615 1619 1624 1628 .

185 1656 283 1694 may
298 1643 350 1683 be
367 1642 502 1694 right;
524 1655 588 1694 cp.
611 1644 675 1682 29.
699 1641 724 1681 6
744 1642 826 1681 and
847 1643 898 1682 G.
915 1643 996 1682 and
1019 1642 1071 1681 G.
1087 1655 1127 1694 p.
1148 1642 1261 1694 922).

876 1708 937 1748 15.
967 1697 1026 1736 ad
1040 1696 1225 1746 EV2CA,
1247 1702 1286 1736 et
1304 1697 1485 1736 ABDH.

1657 1620 1666 1629 .
1690 1601 1818 1641 neque
1838 1589 1955 1641 HSp.
1979 1588 2079 1640 (this
2107 1588 2189 1628 last

1329 1643 1377 1681 in
1395 1641 1552 1692 (before
1571 1643 1708 1695 vitiis)
1730 1656 1812 1681 om.
1834 1644 1879 1683 B.
2024 1654 2087 1694 14.
2118 1643 2188 1683 ira

1619 1705 1681 1748 17.
1709 1703 1908 1736 versatur
1923 1697 2044 1738 codd.

1226 1806 1291 1845 cp.
1318 1791 1458 1843 Quint.
1485 1793 1544 1834 iii.
1572 1805 1612 1844 4,
1644 1792 1693 1832 16
1724 1798 1832 1833 stant
1863 1793 1975 1833 enim
2005 1793 2187 1844 quodam

1227 1846 1354 1886 modo
1389 1849 1541 1887 mutuis
1574 1848 1739 1888 auxiliis
1777 1849 1929 1887 omnia.
1998 1848 2111 1887 Nam
2143 1849 2186 1887 in

1226 1902 1349 1941 laude
1383 1901 1541 1942 iustitia
1574 1902 1813 1954 utilitasque
1843 1908 2039 1942 tractatur
2069 1908 2110 1942 et
2142 1903 2186 1942 in

1227 1955 1410 1998 consiliis
1437 1957 1644 2003 honestas,
1670 1962 1710 1997 et
1738 1970 1831 1996 raro
1860 1957 2097 1997 iudicialem
2126 1957 2187 1997 in·

1225 2011 1382 2052 veneris
1402 2023 1567 2051 causam
1587 2011 1628 2050 in
1649 2012 1763 2051 cuius
1781 2018 1898 2064 parte
1917 2025 2000 2051 non
2027 2011 2186 2064 aliquid

1227 2077 1370 2107 eorum
1390 2077 1493 2116 quae
1512 2080 1635 2118 supra
1654 2066 1831 2105 diximus
1851 2067 2088 2118 reperiatur.

1286 2132 1347 2160 10.
1379 2123 1474 2160 nisi
1503 2123 1586 2167 qui
1616 2124 1852 2167 cognovit.
1909 2121 1998 2160 Cic.
2028 2121 2080 2160 de
2110 2119 2185 2160 Or.

1227 2176 1256 2215 i.
1289 2179 1309 2223 ξ
1342 2183 1393 2222 53
1423 2176 1540 2226 Quae
1569 2175 1646 2214 nisi
1678 2176 1748 2227 qui
1778 2180 1941 2214 naturas
1969 2175 2186 2214 hominum

1227 2230 1391 2282 vimque
1434 2242 1598 2268 omnem
1645 2229 1913 2269 humanitatis
1961 2242 2187 2281 causasque

1227 2298 1296 2324 eas
1343 2285 1493 2338 quibus
1539 2288 1697 2323 mentes
1741 2289 1812 2323 aut
1855 2284 2078 2324 incitantur
2114 2288 2187 2322 aut

1227 2339 1488 2379 reflectuntur
1514 2339 1679 2390 penitus
1713 2339 1973 2390 perspexerit,
2009 2338 2187 2378 dicendo

1228 2394 1340 2456 quod
1376 2392 1487 2457 volet
1520 2392 1713 2444 perficere
1750 2406 1833 2432 non
1871 2393 2033 2444 poterit.
2103 2392 2188 2432 For

1228 2447 1318 2487 nisi
1335 2447 1414 2500 qui
1431 2461 1494 2499 cp.
1517 2447 1581 2490 37.
1606 2458 1681 2486 22.
1713 2447 1852 2498 Quint.
1874 2460 1913 2487 x.
1939 2458 1974 2497 7,
1999 2458 2060 2485 12.

1288 2513 1349 2542 12.
1380 2505 1522 2541 habet
1543 2504 1851 2541 intellectum.
1900 2501 1991 2541 Sen.
2014 2502 2065 2541 de
2085 2501 2184 2542 Ben.

1228 2557 1286 2597 iii.
1301 2564 1364 2608 17,
1378 2569 1397 2595 2
1419 2555 1673 2596 intellectum
1687 2556 1870 2608 optimae
1882 2557 1963 2596 rei.
2004 2557 2184 2596 .amisit:

1229 2624 1292 2663 cp.
1314 2624 1369 2651 on
1393 2622 1454 2663 19,
1478 2609 1503 2649 6
1523 2611 1668 2649 above.
1727 2610 1970 2650 Helmreich
1989 2611 2089 2650 cites
2114 2609 2185 2650 the

1229 2666 1473 2706 Ciceronian
1481 2665 1650 2717 phrase‘
1660 2664 1973 2716 intelligentiam
1993 2663 2183 2705 habere':

1229 2733 1293 2772 cp.
1314 2720 1404 2759 also
1426 2721 1535 2759 Ann.
1564 2719 1617 2760 vi.
1646 2718 1784 2769 36,13
1810 2721 1903 2772 quis
1925 2733 2058 2772 neque
2085 2719 2185 2759 boni

1227 2774 1461 2815 intellectus
1489 2786 1620 2825 neque
1648 2773 1746 2813 mali
1781 2774 2186 2826 cura.—Following

1227 2829 1353 2882 John,
1390 2829 1486 2868 who
1524 2828 1642 2868 takes
1685 2828 1936 2868 intellectum
1985 2828 2182 2877 as=vim,

1229 2883 1439 2922 Andresen
1482 2896 1578 2922 now
1617 2883 1740 2922 omits
1787 2882 1917 2930 habet,
1956 2883 2040 2922 and
2072 2882 2185 2933 joins

1229 2938 1481 2977 intellectum
1510 2937 1612 2976 with
1641 2937 1836 2988 cognovit,
1862 2936 2105 2989 comparing
2131 2937 2191 2975 ad

1227 2997 1450 3043 respectum
1471 2991 1552 3029 and
1571 2991 1726 3042 referas
1748 2994 1808 3031 16.
1830 2991 1891 3031 26.
1951 2992 2031 3030 But
2050 2991 2131 3030 this
2150 2991 2187 3030 is

1227 3045 1344 3090 hard,
1365 3045 1444 3084 and
1465 3045 1535 3084 the
1557 3045 1846 3096 compendium
1867 3046 1929 3084 for
1947 3045 2069 3084 habet
2087 3058 2186 3096 may

1227 3099 1358 3150 easily
1376 3099 1481 3138 have
1500 3098 1687 3150 dropped
1709 3104 1791 3139 out.

1287 3164 1348 3202 13.
1378 3156 1520 3191 etiam
1532 3155 1626 3201 illa,
1644 3153 1710 3192 i.e.
1725 3165 1773 3191 as
1781 3153 1877 3193 well
1890 3166 1934 3192 as
1949 3153 2018 3192 the
2032 3151 2185 3204 faculty

1229 3206 1278 3247 of
1292 3206 1490 3258 speaking
1510 3208 1521 3228 ‘
1537 3207 1706 3257 copiose
1725 3212 1766 3246 et
1785 3207 1895 3246 varie
1914 3214 1953 3246 et
1975 3205 2146 3246 ornate.’

1282 3263 1482 3301 facilius.
1568 3261 1646 3312 Cp.
1694 3274 1747 3300 on
1794 3262 1864 3301 the
1911 3260 2029 3300 other
2074 3260 2186 3300 hand

1228 3315 1434 3355 Antonius
1455 3315 1627 3366 arguing
1645 3315 1804 3366 against
1819 3315 1990 3355 Crassus
2009 3316 2099 3354 that
2115 3315 2185 3354 the

1229 3370 1350 3420 study
1377 3369 1423 3409 of
1446 3368 1699 3421 philosophy
1719 3369 1754 3408 is
1779 3374 1852 3409 not
1879 3369 2185 3421 indispensable

1229 3424 1293 3464 for
1310 3424 1380 3464 the
1401 3428 1542 3462 orator
1560 3438 1569 3462 ε
1600 3424 1650 3463 (10
1671 3423 1742 3462 Or.
1763 3425 1790 3463 i.
1815 3428 1834 3471 ξ
1860 3434 1950 3463 220.

1288 3486 1349 3529 17.
1380 3481 1591 3526 cupidos,
1641 3475 1853 3524 ‘biassed,’
1904 3474 2184 3530 ‘prejudiced'

1228 3545 1398 3585 persons
1415 3545 1426 3580 ;
1452 3531 1668 3583 partisans.
1705 3532 1795 3572 The
1810 3531 1925 3572 word
1940 3532 2074 3583 might
2094 3531 2184 3572 also

1229 3600 1348 3627 mean
1366 3590 1376 3609 ‘
1392 3585 1728 3638 well-disposed,'
1746 3586 1903 3639 though
1925 3586 2064 3626 before
2084 3586 2184 3626 such

1230 3654 1281 3680 an
1320 3640 1515 3681 audience
1551 3641 1620 3680 the
1658 3646 1795 3681 orator
1831 3640 1972 3680 would
2010 3641 2061 3682 be
2103 3641 2186 3681 less

1230 3695 1464 3748 dependent
1486 3707 1538 3734 on
1559 3695 1628 3735 the
1646 3695 1756 3736 rules
1777 3695 1824 3736 of
1838 3695 1903 3736 his
1923 3700 2000 3736 art.

1142 3781 1244 3825 Gz

2211 722 2260 752 10

2218 1195 2266 1236 15
