2424 4166
265 243 335 296 62
936 239 1324 293 CORNELII
1361 239 1447 289 ΤΑ
1461 239 1542 292 CI
1545 239 1629 290 TI

264 386 462 438 referre
502 385 695 453 possiS,
740 390 796 437 et
838 382 991 437 velut
1032 384 1088 435 in
1133 383 1253 435 rudi
1299 382 1562 444 aedificio,
1600 381 1789 434 firmus
1829 398 1960 434 sane
1998 380 2178 448 paries
2214 386 2272 432 et

191 488 238 530 ¹5
264 479 573 542 duraturuS,
617 478 715 530 sed
760 495 870 529 non
916 478 1050 529 satis
1101 476 1382 545 expolitus
1427 485 1483 530 et
1532 475 1840 544 splendens,
1870 486 1893 553 ‘'-
1920 475 2045 542 Ego
2083 482 2270 527 autem

262 581 553 633 oratorem,
595 572 736 624 sicut
774 569 1107 639 locupletem
1145 588 1208 623 ac
1248 570 1459 622 lautum
1501 577 1718 637 patrem
1755 568 2013 632 familiae,
2053 584 2163 620 non
2202 584 2270 619 eo

261 673 479 717 tantum
499 665 626 717 volo
652 672 800 717 tecto
828 665 941 731 tegi
969 665 1119 731 quod
1146 662 1380 715 imbrem
1406 679 1472 715 ac
1497 671 1722 714 ventum
1743 670 1946 726 arceat,
1973 661 2071 713 sed
2099 661 2268 712 etiam

260 756 411 826 quod
437 759 613 810 visum
640 766 697 810 et
722 757 911 809 oculos
938 756 1180 809 delectet
1205 774 1218 820 3
1257 773 1367 808 non
1397 773 1463 808 ea
1492 755 1671 808 solum
1705 756 1900 808 instrui
1931 752 2270 822 supellectile

195 908 197 910 ,
261 869 403 918 quae
429 851 747 904 necessariis
768 851 959 902 usibus
985 850 1234 913 sufficiat,
1250 849 1347 901 sed
1374 849 1446 900 sit
1474 850 1528 900 in
1549 857 1822 916 apparatu
1849 849 1967 900 eius
1992 856 2048 900 et
2074 863 2269 900 aurum

181 968 233 997 20
259 952 315 996 et
366 961 638 1014 gemmae,
681 951 743 995 ut
794 960 1010 995 sumere
1062 944 1116 994 in
1167 959 1360 994 manus
1406 948 1462 992 et
1513 942 1760 1009 aspicere
1809 942 2029 1010 saepius
2079 940 2267 992 libeat.

260 1038 551 1106 Quaedam
578 1055 708 1090 vero
735 1037 924 1104 procul
952 1046 1240 1089 arceantur
1271 1044 1333 1087 ut
1366 1035 1476 1096 iam
1504 1035 1824 1087 oblitterata
1854 1043 1912 1087 et
1939 1034 2269 1087 insolentia:

257 1131 470 1183 nullum
499 1132 569 1183 sit
593 1130 822 1182 verbum
853 1130 1006 1182 velut
1039 1129 1289 1196 rubigine
1328 1127 1611 1192 infectum,
1637 1128 1776 1180 nulli
1801 1145 1992 1181 sensus
2018 1129 2180 1180 tarda
2212 1135 2270 1180 et

257 1225 419 1276 inerti
438 1231 714 1278 structura
733 1223 788 1275 in
812 1240 1023 1276 morem
1044 1222 1325 1275 annalium
1353 1229 1786 1289 componantur:
1826 1221 2027 1290 fugitet
2048 1220 2269 1274 foedam

316 1393 376 1434 16.
407 1394 575 1433 lautum
604 1393 782 1446 Lipsius,
817 1392 1038 1432 laudatum
1069 1391 1190 1432 codd.

259 1462 323 1502 19.
351 1449 423 1488 sed
443 1449 501 1488 sit
520 1448 655 1494 codd„
675 1448 747 1487 sed
760 1460 840 1487 esse
859 1448 1024 1487 Novak.

257 1503 468 1557 Agricola,
490 1503 609 1542 liceat
628 1503 749 1543 codd.

1442 1393 1503 1431 18.
1532 1391 1776 1443 supellectile
1805 1390 2038 1440 ABEV2H,
2068 1390 2108 1430 -i
2134 1390 2270 1431 CAD.

1241 1457 1306 1486 20.
1337 1451 1386 1486 ut
1411 1445 1626 1493 EV2CAD
1649 1446 1745 1497 (aut
1765 1445 1920 1498 HSp.)‚
1940 1450 1981 1484 et
1998 1445 2087 1484 AB.
2144 1445 2272 1485 libeat

967 1514 1029 1542 21.
1062 1506 1291 1541 arceantur
1308 1501 1484 1553 Lipsius,
1505 1506 1708 1545 arcentur
1724 1501 1845 1541 codd.
1904 1499 2128 1540 insolentia
2147 1499 2182 1539 is
2197 1513 2270 1552 my

256 1559 360 1611 conj.
385 1558 465 1611 (for
493 1558 564 1597 the
593 1557 791 1597 omission
822 1556 870 1596 of
891 1557 952 1606 in,
984 1570 1049 1609 cp.
1085 1558 1150 1596 33.
1173 1558 1233 1607 5),
1259 1556 1414 1596 olentia
1441 1555 1577 1604 codd„
1600 1555 1747 1605 Halm,
1775 1554 1942 1601 Miiller‚
1968 1555 2268 1607 antiquitatem

255 1613 410 1654 olentia
430 1612 655 1656 Andresen‚
675 1613 830 1652 exoleta
850 1612 1067 1651 Acidalius
1089 1610 1200 1662 (Sen.
1222 1611 1298 1662 Ep.
1325 1621 1414 1663 114.
1440 1622 1492 1649 10
1508 1612 1519 1631 ‘
1537 1610 1707 1662 antiqua
1735 1611 1859 1650 verba
1887 1616 2011 1661 atque
2039 1609 2204 1649 exoleta
2217 1607 2264 1662 ')‚

254 1669 423 1709 obsoleta
444 1666 586 1717 Wolff,
609 1667 828 1706 Gudeman
859 1666 968 1716 (Cic.
991 1666 1042 1705 de
1071 1666 1143 1705 Or.
1164 1666 1223 1705 iii.
1248 1669 1295 1713 ἐξ
1319 1676 1387 1716 33,
1411 1675 1511 1716 150:
1541 1665 1583 1703 in
1604 1665 1719 1705 Verr.
1743 1665 1772 1705 i.
1797 1676 1832 1714 1,
1857 1676 1920 1715 31,
1944 1663 2023 1715 56:
2053 1663 2194 1715 Quint.
2210 1663 2266 1703 iv.

241 1725 403 1831 Jz'cffizl'
417 1777 505 1817 HV
525 1777 608 1816 and
628 1776 720 1817 edd.
741 1783 836 1816 vett.

256 1914 529 1955 emicantibus
542 1914 708 1955 similia.
738 1914 824 1955 For
836 1913 906 1954 the
923 1927 1038 1955 more
1052 1914 1221 1967 general

255 1983 369 2010 sense
399 1970 447 2009 of
470 1970 639 2009 lumina
674 1970 744 2009 the
774 1969 993 2021 following
1020 1982 1218 2021 passages

254 2038 351 2076 may
384 2025 436 2064 be
471 2024 632 2064 added:
677 2025 732 2063 ad
763 2024 945 2064 Herenn.
984 2025 1038 2063 iv.
1075 2036 1124 2074 23
1158 2024 1225 2063 lu»

254 2079 433 2118 minibus
444 2079 650 2119 distinctis
659 2079 956 2119 illustrabimus
969 2079 1218 2119 orationem:

255 2134 345 2174 Cic.
367 2135 418 2173 de
440 2134 513 2174 Or.
531 2134 588 2173 iii.
615 2139 633 2181 ξ
656 2132 709 2186 96
738 2136 819 2173 sint
845 2134 964 2186 quasi
993 2134 1034 2172 in
1066 2140 1218 2173 ornatu

255 2189 460 2241 disposita
502 2188 707 2241 quaedam
742 2188 921 2240 insignia
955 2193 996 2227 et
1035 2188 1218 2237 lumina3

255 2257 319 2296 cp.
341 2244 398 2283 ib.
412 2243 453 2284 ii.
478 2247 498 2292 ξ
515 2243 567 2294 36
584 2257 592 2283 ε
615 2251 710 2283 sunt
723 2243 833 2282 enim
849 2242 1047 2294 (lumina)
1063 2243 1216 2283 similia

254 2298 339 2338 illis
367 2311 472 2350 quae
506 2298 550 2337 in
579 2298 723 2350 amplo
757 2304 907 2337 ornatu
941 2311 1112 2338 scaenae
1143 2303 1217 2338 aut

254 2353 333 2393 fori
362 2352 625 2406 appellantur
657 2353 846 2405 insignia,
882 2365 968 2392 non
1000 2353 1098 2404 quia
1126 2352 1218 2392 sola

254 2415 412 2453 ornent,
452 2408 524 2447 sed
562 2407 675 2460 quod
717 2407 935 2457 excellant,
975 2407 1047 2447 Or.
1082 2409 1103 2454 ξ
1139 2418 1218 2459 134

257 2463 410 2513 (where
445 2475 511 2503 see
549 2464 624 2503 Dr.
665 2461 840 2514 Sandys’
877 2463 1028 2511 notes).
1090 2462 1217 2513 Quite

254 2517 507 2569 technically
534 2517 702 2557 lumina
727 2516 954 2569 =figurae,
987 2529 1072 2568 e.g.
1099 2517 1213 2557 Brut.

255 2576 275 2619 ξ
301 2580 377 2623 275
413 2572 571 2611 lumina
604 2584 712 2624 quae
741 2577 893 2611 vocant
925 2571 1075 2611 Graeci
1109 2570 1214 2620 σχή-

253 2639 391 2676 ματαε
436 2627 488 2666 de
519 2627 590 2666 Or.
626 2626 683 2664 iii.
718 2629 739 2674 5
779 2637 853 2665 201
896 2631 958 2665 est
995 2625 1113 2677 quasi
1152 2625 1216 2665 lu—

254 2681 437 2720 minibus
483 2681 773 2732 distinguenda
819 2687 860 2720 et
918 2680 1215 2731 frequentanda

254 2736 389 2775 omnis
438 2737 571 2775 oratio
620 2735 910 2775 sententiarum
958 2740 1081 2786 atque
1127 2748 1213 2774 ver-

253 2790 415 2830 borum.

312 2855 374 2894 13.
404 2846 735 2883 terminantur.
771 2844 859 2884 Cic.
874 2843 980 2891 Or.§
1001 2856 1076 2895 199
1090 2843 1213 2896 pleri-

253 2912 332 2952 que
349 2900 458 2939 enim
478 2906 642 2938 censent
659 2899 801 2938 cadere
821 2904 982 2937 tantum
995 2911 1212 2938 numerose

253 2960 445 3006 oportere
483 2952 773 3005 terminarique
811 2954 1069 2993 sententiam.
1128 2953 1206 3005 Cp.

251 3017 324 3048 too
339 3009 480 3060 Quint.
494 3008 578 3047 viii.
593 3020 630 3059 5,
650 3019 697 3056 13
714 3008 787 3047 sed
800 3020 908 3047 nunc
922 3007 1037 3047 aliud
1049 3007 1205 3055 volunt,

253 3070 298 3102 ut
319 3064 453 3103 omnis
472 3063 601 3112 locus,
623 3063 758 3102 omnis
777 3075 916 3102 sensus
944 3062 991 3102 in
1005 3062 1102 3115 fine
1128 3076 1212 3102 ser-

254 3119 388 3157 monis
406 3118 528 3157 feriat
548 3130 701 3158 aurern.
742 3117 846 3157 This
866 3118 901 3156 is
921 3117 1035 3156 what
1055 3117 1212 3157 Seneca

253 3186 395 3213 means
410 3173 529 3212 when
543 3172 595 3212 he
610 3185 702 3224 says
719 3171 817 3225 (Ep.
836 3184 927 3221 100,
946 3175 966 3219 ξ
986 3173 1029 3223 7)
1046 3174 1055 3192 ‘
1069 3173 1211 3211 omnia

251 3228 363 3278 apud
379 3228 622 3268 Ciceronem
638 3227 840 3277 desinunt,
852 3226 962 3280 apud
978 3226 1210 3266 Pollionem

251 3282 427 3322 cadunt?

310 3348 371 3387 14.
401 3339 589 3384 referre,
611 3350 677 3389 cp.
699 3335 845 3376 referre
865 3336 1036 3375 domum
1057 3338 1123 3375 20.
1144 3347 1208 3385 13.

310 3402 371 3442 15.
407 3395 677 3431 duraturus.
761 3390 851 3430 'l'he
898 3391 969 3430 sut.
1019 3397 1125 3442 part.
1175 3391 1209 3429 is

250 3445 511 3497 graphically
547 3445 769 3498 employed
806 3446 862 3496 by
893 3445 1081 3493 Tacitus,
1120 3457 1207 3495 e.g.

253 3501 366 3540 Hist.
388 3501 429 3540 ii.
457 3513 521 3551 49,
548 3512 593 3539 21
618 3500 878 3552 sepulchrum
900 3529 909 3539 .
933 3529 942 3538 .
965 3529 974 3539 .
996 3499 1208 3539 modicum

250 3560 292 3594 et
320 3567 583 3594 mansurum:
614 3556 724 3595 Ann.
757 3555 811 3594 iv.
846 3555 911 3604 38,
950 3563 972 3606 7
1005 3554 1083 3594 hae
1117 3553 1208 3606 pul-

251 3609 477 3649 cherrimae
508 3609 663 3662 effigies
692 3615 733 3650 et
762 3622 990 3650 mansurae.
1051 3609 1129 3661 Cp.
1153 3621 1209 3648 on

252 3676 502 3703 mansurum
524 3667 561 3703 9.
584 3675 648 3705 22.

601 1733 664 1760 22.
693 1721 809 1760 velut
823 1720 1055 1771 Rhenanus,
1077 1720 1147 1760 vel
1161 1719 1281 1760 codd.

1492 1731 1555 1770 23.
1570 1718 1749 1772 fugitet,
1770 1718 2154 1771 ABEV2A,fugiet
2171 1718 2266 1770 CD,

1366 1913 1429 1954 16.
1456 1916 1743 1961 locupletem
1768 1919 1951 1959 patrem
1969 1915 2190 1963 familiae,
2213 1915 2266 1953 ‘a

1306 1969 1543 2009 well-to-do
1564 1967 1868 2008 householder.'
1927 1969 2095 2008 Lautus
2113 1967 2265 2008 carries

1305 2024 1409 2064 with
1427 2025 1461 2064 it
1480 2024 1549 2064 the
1569 2036 1682 2063 same
1704 2023 1799 2063 idea
1818 2036 1865 2063 as
1889 2024 2172 2074 elegans,-—of
2186 2036 2266 2063 one

1305 2079 1402 2119 who
1438 2078 1584 2118 knows
1615 2078 1714 2118 how
1743 2083 1788 2117 to
1819 2077 1976 2117 furnish
2008 2077 2110 2117 with
2144 2082 2263 2117 taste.

1306 2134 1442 2173 There
1481 2133 1517 2173 is
1550 2147 1576 2173 a
1613 2133 1844 2173 somewhat
1874 2131 2033 2172 similar
2062 2131 2191 2185 figure
2220 2131 2264 2172 in

1305 2188 1394 2229 Cic.
1415 2187 1467 2227 de
1487 2188 1558 2228 Or.
1583 2198 1616 2236 1,
1642 2192 1662 2235 ξ
1688 2188 1778 2228 161.

1363 2254 1427 2283 21.
1460 2245 1755 2282 oblitterata:
1798 2255 1863 2295 cp.
1895 2243 1933 2282 8.
1968 2253 1992 2293 3
2023 2242 2195 2283 remotis
2221 2247 2264 2282 et

1304 2298 1560 2338 oblitteratis
1579 2297 1796 2350 exemplis.

1359 2355 1645 2392 insolentia:
1692 2361 1882 2403 contrary
1919 2356 1965 2391 to
1993 2351 2188 2403 ordinary
2215 2365 2264 2392 or

1303 2408 1514 2459 approved
1527 2419 1652 2459 usage
1670 2421 1680 2446 :
1710 2407 1799 2447 Cic.
1814 2407 1928 2445 Brut.
1943 2409 1964 2454 ξ
1985 2414 2061 2458 274
2077 2419 2152 2447 nec
2165 2419 2262 2446 vero

1302 2462 1436 2501 ullum
1456 2468 1527 2502 aut
1546 2462 1693 2501 durum
1720 2467 1791 2500 aut
1817 2461 2000 2501 insolens
2021 2461 2230 2513 (verbum)
2251 2475 2262 2501 ε

1303 2516 1377 2556 Or.
1402 2521 1422 2565 ξ
1444 2516 1493 2556 26
1514 2516 1678 2555 nullum
1697 2517 1868 2556 verbum
1888 2515 2079 2562 insolens,
2099 2515 2262 2555 nullum

1302 2572 1521 2611 odiosum:
1551 2572 1692 2622 Quint.
1712 2571 1766 2610 iv.
1797 2582 1831 2619 1,
1868 2572 1919 2621 58
1948 2584 2000 2610 ex
2030 2570 2262 2623 praeceptis

1300 2626 1504 2665 veteribus
1524 2631 1663 2665 manet
1681 2638 1733 2665 ne
1752 2625 1865 2677 quod
1880 2625 2059 2665 insolens
2073 2625 2258 2674 verbum,

1299 2693 1350 2719 ne
1379 2680 1577 2719 audacius
1605 2679 1864 2727 translatum,
1893 2693 1944 2719 ne
1972 2685 2045 2719 aut
2073 2679 2261 2720 obsoleta

1300 2740 1504 2775 vetustate
1523 2739 1592 2774 aut
1614 2735 1777 2786 poetica
1796 2733 1962 2774 licentia
1988 2739 2199 2786 sumptum
2217 2734 2259 2773 in

1299 2789 1504 2841 principio
1516 2788 1858 2841 deprehendatur.
1918 2789 2016 2827 Aul.
2033 2788 2143 2828 Gell.
2159 2789 2186 2828 i.
2208 2800 2259 2828 10

1298 2849 1344 2883 ut
1358 2851 1571 2896 tamquam
1581 2843 1795 2895 scopulum
1808 2844 1867 2883 sic
1879 2843 2015 2895 fugias
2027 2843 2259 2883 inauditum

1298 2903 1422 2950 atque
1442 2898 1624 2938 insolens
1642 2897 1826 2938 verbum.
1884 2898 2006 2949 [This
2026 2897 2257 2949 conjecture

1298 2952 1389 3003 has,
1410 2953 1431 2991 I
1453 2952 1549 3001 find,
1574 2953 1676 2992 been
1696 2952 1950 3004 anticipated
1977 2953 2031 3004 by
2052 2952 2256 2993 Cornelis·

1297 3020 1367 3047 sen
1394 3007 1436 3046 in
1463 3007 1749 3058 Mnemosyne,
1771 3007 1856 3046 xiii.
1879 3021 1922 3060 p.
1947 3006 2053 3047 260:
2081 3007 2134 3047 he
2157 3008 2256 3048 cites

1299 3061 1409 3102 Gell.
1429 3062 1482 3102 xi.
1507 3070 1529 3113 7
1551 3062 1685 3101 verbis
1711 3062 1771 3101 uti
1800 3066 1872 3101 aut
1897 3062 2021 3101 nimis
2041 3062 2255 3112 obsoletis,

1298 3116 1601 3170 exculcatisque
1621 3122 1693 3156 aut
1714 3116 2020 3169 insolentibus.]

1355 3183 1419 3211 22.
1448 3175 1584 3212 tarda
1609 3177 1658 3211 et
1683 3174 1840 3217 inerti,
1862 3171 1995 3212 ‘lame
2014 3171 2098 3211 and
2117 3171 2206 3212 stiff
2215 3170 2226 3188 ’
2244 3187 2255 3213 ε

1296 3239 1363 3278 cp.
1384 3226 1524 3277 Quint.
1546 3227 1603 3266 ix.
1623 3239 1662 3278 4,
1687 3236 1765 3277 137
1786 3226 1908 3266 tarda
1933 3232 1974 3266 et
2005 3227 2153 3279 supina
2179 3229 2254 3278 (sc.

1295 3281 1581 3333 compositio).

1355 3347 1417 3385 23.
1446 3340 1500 3374 in
1547 3348 1724 3375 morem
1771 3338 2026 3383 annalium,
2068 3334 2134 3374 ‘in
2182 3335 2254 3377 the

1297 3390 1402 3441 style
1422 3389 1471 3429 of
1485 3403 1509 3429 a
1538 3389 1767 3429 chronicler
1781 3388 1815 3428 ’:
1847 3403 1912 3441 cp.
1934 3390 2024 3429 Cic.
2045 3389 2096 3429 de
2116 3391 2187 3430 Or.
2207 3390 2253 3432 ii.

1300 3447 1348 3492 ἐξ
1373 3455 1503 3496 52-33
1532 3444 1584 3483 de
1605 3444 1734 3496 Legg.
1755 3444 1782 3483 i.
1806 3447 1826 3492 §
1849 3444 1873 3482 6
1895 3456 1955 3496 sq.
1994 3444 2253 3486 Otherstake

1296 3499 1329 3538 it
1349 3498 1430 3538 less
1451 3498 1658 3550 probably
1676 3511 1721 3537 as
1746 3499 1941 3550 referring
1969 3503 2013 3538 to
2042 3499 2111 3539 the
2140 3499 2253 3540 diffe-

1296 3565 1435 3593 rences
1455 3553 1637 3592 between
1666 3552 1737 3592 the
1765 3553 1979 3594 historical
2004 3553 2110 3606 style
2129 3567 2252 3606 gene-

1295 3607 1401 3658 rally
1421 3607 1503 3647 and
1533 3607 1625 3647 that
1655 3608 1702 3646 of
1725 3614 1919 3660 oratory:
1947 3621 2014 3649 see
2043 3609 2185 3662 Quint.
2210 3623 2250 3649 x.

1298 3673 1446 3713 31-32‚
1466 3661 1570 3702 with
1589 3661 1658 3702 the
1677 3668 1807 3704 notes,
