<?xml version="1.0" encoding="UTF-8"?>
<!DOCTYPE html PUBLIC "-//W3C//DTD XHTML 1.0 Transitional//EN"
    "http://www.w3.org/TR/xhtml1/DTD/xhtml1-transitional.dtd">
<html xmlns="http://www.w3.org/1999/xhtml" xml:lang="en" lang="en">
 <head>
  <title>
</title>
<meta http-equiv="Content-Type" content="text/html;charset=utf-8" />
  <meta name='ocr-system' content='tesseract 3.04.00' />
  <meta name='ocr-capabilities' content='ocr_page ocr_carea ocr_par ocr_line ocrx_word'/>
</head>
<body>
  <div class='ocr_page' id='page_1' title='image "./dialoguspeters00taciuoft_0169.png"; bbox 0 0 2424 4166; ppageno 0'>
   <div class='ocr_carea' id='block_1_1' title="bbox 637 253 2177 319">
    <p class='ocr_par' dir='ltr' id='par_1_1' title="bbox 637 253 2177 319">
     <span class='ocr_line' id='line_1_1' title="bbox 637 253 2177 319; baseline -0.002 -14"><span class='ocrx_word' id='word_1_1' title='bbox 637 254 1033 306; x_wconf 82' lang='lat' dir='ltr'><em>DJALOGUS</em></span> <span class='ocrx_word' id='word_1_2' title='bbox 1066 255 1179 304; x_wconf 88' lang='lat' dir='ltr'>DE</span> <span class='ocrx_word' id='word_1_3' title='bbox 1216 253 1719 304; x_wconf 84' lang='lat' dir='ltr'>ORATORIBUS.</span> <span class='ocrx_word' id='word_1_4' title='bbox 2109 253 2177 319; x_wconf 86' lang='lat'>65</span> 
     </span>
    </p>
   </div>
   <div class='ocr_carea' id='block_1_2' title="bbox 175 395 2178 1399">
    <p class='ocr_par' dir='ltr' id='par_1_2' title="bbox 175 395 2178 1399">
     <span class='ocr_line' id='line_1_2' title="bbox 181 395 2174 466; baseline -0.002 -14"><span class='ocrx_word' id='word_1_5' title='bbox 181 399 382 452; x_wconf 90' lang='lat' dir='ltr'>ieiunio</span> <span class='ocrx_word' id='word_1_6' title='bbox 407 406 829 466; x_wconf 89' lang='lat' dir='ltr'>consequuntur.</span> <span class='ocrx_word' id='word_1_7' title='bbox 906 398 1074 449; x_wconf 90' lang='lat' dir='ltr'>Porro</span> <span class='ocrx_word' id='word_1_8' title='bbox 1105 414 1174 450; x_wconf 92' lang='lat' dir='ltr'>ne</span> <span class='ocrx_word' id='word_1_9' title='bbox 1198 398 1252 449; x_wconf 92' lang='lat' dir='ltr'>in</span> <span class='ocrx_word' id='word_1_10' title='bbox 1288 414 1516 465; x_wconf 90' lang='lat' dir='ltr'>corpore</span> <span class='ocrx_word' id='word_1_11' title='bbox 1546 396 1772 465; x_wconf 92' lang='lat' dir='ltr'>quidem</span> <span class='ocrx_word' id='word_1_12' title='bbox 1800 395 2174 448; x_wconf 89' lang='lat' dir='ltr'>valetudinem</span> 
     </span>
     <span class='ocr_line' id='line_1_3' title="bbox 182 489 2176 561; baseline -0.003 -16"><span class='ocrx_word' id='word_1_13' title='bbox 182 493 380 546; x_wconf 90' lang='lat' dir='ltr'>medici</span> <span class='ocrx_word' id='word_1_14' title='bbox 428 493 661 561; x_wconf 89' lang='lat' dir='ltr'>probant</span> <span class='ocrx_word' id='word_1_15' title='bbox 718 508 859 559; x_wconf 91' lang='lat' dir='ltr'>quae</span> <span class='ocrx_word' id='word_1_16' title='bbox 908 490 1078 543; x_wconf 90' lang='lat' dir='ltr'>animi</span> <span class='ocrx_word' id='word_1_17' title='bbox 1128 491 1411 543; x_wconf 86' lang='lat' dir='ltr'><strong>anxietate</strong></span> <span class='ocrx_word' id='word_1_18' title='bbox 1462 489 1766 558; x_wconf 85' lang='lat' dir='ltr'>contingit3</span> <span class='ocrx_word' id='word_1_19' title='bbox 1835 505 2027 557; x_wconf 90' lang='lat' dir='ltr'>parum</span> <span class='ocrx_word' id='word_1_20' title='bbox 2092 496 2176 540; x_wconf 91' lang='lat' dir='ltr'>est</span> 
     </span>
     <span class='ocr_line' id='line_1_4' title="bbox 181 581 2178 655; baseline -0.003 -16"><span class='ocrx_word' id='word_1_21' title='bbox 181 603 406 655; x_wconf 86' lang='lat' dir='ltr'>aegrum</span> <span class='ocrx_word' id='word_1_22' title='bbox 458 602 568 638; x_wconf 90' lang='lat' dir='ltr'>non</span> <span class='ocrx_word' id='word_1_23' title='bbox 618 602 748 647; x_wconf 90' lang='lat' dir='ltr'>esse,</span> <span class='ocrx_word' id='word_1_24' title='bbox 801 584 998 636; x_wconf 88' lang='lat' dir='ltr'>fortem</span> <span class='ocrx_word' id='word_1_25' title='bbox 1052 591 1106 636; x_wconf 91' lang='lat' dir='ltr'>et</span> <span class='ocrx_word' id='word_1_26' title='bbox 1147 584 1350 636; x_wconf 92' lang='lat' dir='ltr'>laetum</span> <span class='ocrx_word' id='word_1_27' title='bbox 1395 591 1453 636; x_wconf 89' lang='lat' dir='ltr'>et</span> <span class='ocrx_word' id='word_1_28' title='bbox 1498 583 1733 636; x_wconf 83' lang='lat' dir='ltr'>alacrem</span> <span class='ocrx_word' id='word_1_29' title='bbox 1777 582 1921 635; x_wconf 88' lang='lat' dir='ltr'>volo.</span> <span class='ocrx_word' id='word_1_30' title='bbox 1996 581 2178 649; x_wconf 89' lang='lat' dir='ltr'>Prope</span> 
     </span>
     <span class='ocr_line' id='line_1_5' title="bbox 179 675 2176 744; baseline -0.002 -12"><span class='ocrx_word' id='word_1_31' title='bbox 179 680 334 732; x_wconf 90' lang='lat' dir='ltr'>abest</span> <span class='ocrx_word' id='word_1_32' title='bbox 381 678 452 731; x_wconf 91' lang='lat' dir='ltr'>ab</span> <span class='ocrx_word' id='word_1_33' title='bbox 492 676 810 729; x_wconf 89' lang='lat' dir='ltr'>infirmitate</span> <span class='ocrx_word' id='word_1_34' title='bbox 855 676 912 728; x_wconf 88' lang='lat' dir='ltr'>in</span> <span class='ocrx_word' id='word_1_35' title='bbox 957 693 1068 744; x_wconf 93' lang='lat' dir='ltr'>quo</span> <span class='ocrx_word' id='word_1_36' title='bbox 1113 676 1230 728; x_wconf 91' lang='lat' dir='ltr'>sola</span> <span class='ocrx_word' id='word_1_37' title='bbox 1274 676 1482 729; x_wconf 83' lang='lat' dir='ltr'>sanitas</span> <span class='ocrx_word' id='word_1_38' title='bbox 1528 675 1801 728; x_wconf 87' lang='lat' dir='ltr'>laudatur.</span> <span class='ocrx_word' id='word_1_39' title='bbox 1877 675 1994 728; x_wconf 91' lang='lat' dir='ltr'>Vos</span> <span class='ocrx_word' id='word_1_40' title='bbox 2031 692 2176 738; x_wconf 79' lang='lat' dir='ltr'>vem,</span> 
     </span>
     <span class='ocr_line' id='line_1_6' title="bbox 180 767 2174 843; baseline -0.003 -19"><span class='ocrx_word' id='word_1_41' title='bbox 180 772 298 824; x_wconf 85' lang='lat' dir='ltr'>viri</span> <span class='ocrx_word' id='word_1_42' title='bbox 329 770 684 835; x_wconf 86' lang='lat' dir='ltr'>disertissimi,</span> <span class='ocrx_word' id='word_1_43' title='bbox 711 779 772 822; x_wconf 93' lang='lat' dir='ltr'>ut</span> <span class='ocrx_word' id='word_1_44' title='bbox 804 771 1059 843; x_wconf 87' lang='lat' dir='ltr'>potestis,</span> <span class='ocrx_word' id='word_1_45' title='bbox 1086 778 1147 821; x_wconf 93' lang='lat' dir='ltr'>ut</span> <span class='ocrx_word' id='word_1_46' title='bbox 1185 770 1376 832; x_wconf 84' lang='lat' dir='ltr'>facitiS‚</span> <span class='ocrx_word' id='word_1_47' title='bbox 1403 768 1692 821; x_wconf 91' lang='lat' dir='ltr'>inlustrate</span> <span class='ocrx_word' id='word_1_48' title='bbox 1729 767 2009 821; x_wconf 86' lang='lat' dir='ltr'>saeculum</span> <span class='ocrx_word' id='word_1_49' title='bbox 2049 784 2174 820; x_wconf 91' lang='lat' dir='ltr'>nos-</span> 
     </span>
     <span class='ocr_line' id='line_1_7' title="bbox 177 862 2175 933; baseline -0.003 -15"><span class='ocrx_word' id='word_1_50' title='bbox 177 873 324 918; x_wconf 87' lang='lat' dir='ltr'>trum</span> <span class='ocrx_word' id='word_1_51' title='bbox 356 864 724 933; x_wconf 89' lang='lat' dir='ltr'>pulcherrimo</span> <span class='ocrx_word' id='word_1_52' title='bbox 761 880 960 931; x_wconf 86' lang='lat' dir='ltr'><strong>genere</strong></span> <span class='ocrx_word' id='word_1_53' title='bbox 997 863 1231 916; x_wconf 90' lang='lat' dir='ltr'>dicendi.</span> <span class='ocrx_word' id='word_1_54' title='bbox 1309 863 1456 916; x_wconf 92' lang='lat' dir='ltr'>Nam</span> <span class='ocrx_word' id='word_1_55' title='bbox 1496 872 1551 916; x_wconf 94' lang='lat' dir='ltr'>et</span> <span class='ocrx_word' id='word_1_56' title='bbox 1591 871 1661 927; x_wconf 91' lang='lat' dir='ltr'>te,</span> <span class='ocrx_word' id='word_1_57' title='bbox 1703 862 1982 925; x_wconf 85' lang='lat' dir='ltr'>Messalla,</span> <span class='ocrx_word' id='word_1_58' title='bbox 2013 862 2175 913; x_wconf 91' lang='lat' dir='ltr'>video</span> 
     </span>
     <span class='ocr_line' id='line_1_8' title="bbox 178 956 2174 1025; baseline -0.002 -16"><span class='ocrx_word' id='word_1_59' title='bbox 178 957 476 1011; x_wconf 88' lang='lat' dir='ltr'>laetissima</span> <span class='ocrx_word' id='word_1_60' title='bbox 512 974 764 1025; x_wconf 89' lang='lat' dir='ltr'>quaeque</span> <span class='ocrx_word' id='word_1_61' title='bbox 801 958 1151 1025; x_wconf 88' lang='lat' dir='ltr'>antiquorum</span> <span class='ocrx_word' id='word_1_62' title='bbox 1191 957 1516 1019; x_wconf 88' lang='lat' dir='ltr'>imitantem,</span> <span class='ocrx_word' id='word_1_63' title='bbox 1563 965 1618 1009; x_wconf 93' lang='lat' dir='ltr'>et</span> <span class='ocrx_word' id='word_1_64' title='bbox 1657 974 1770 1020; x_wconf 87' lang='lat' dir='ltr'>VOS,</span> <span class='ocrx_word' id='word_1_65' title='bbox 1817 956 2071 1007; x_wconf 89' lang='lat' dir='ltr'>Materne</span> <span class='ocrx_word' id='word_1_66' title='bbox 2110 971 2174 1006; x_wconf 92' lang='lat' dir='ltr'>ac</span> 
     </span>
     <span class='ocr_line' id='line_1_9' title="bbox 177 1048 2174 1120; baseline -0.003 -16"><span class='ocrx_word' id='word_1_67' title='bbox 177 1049 447 1116; x_wconf 87' lang='lat' dir='ltr'>Secunde,</span> <span class='ocrx_word' id='word_1_68' title='bbox 498 1051 575 1104; x_wconf 90' lang='lat' dir='ltr'>ita</span> <span class='ocrx_word' id='word_1_69' title='bbox 622 1050 878 1120; x_wconf 85' lang='lat' dir='ltr'>gravitati</span> <span class='ocrx_word' id='word_1_70' title='bbox 926 1067 1185 1103; x_wconf 90' lang='lat' dir='ltr'>sensuum</span> <span class='ocrx_word' id='word_1_71' title='bbox 1236 1050 1466 1102; x_wconf 90' lang='lat' dir='ltr'>nitorem</span> <span class='ocrx_word' id='word_1_72' title='bbox 1519 1057 1575 1102; x_wconf 95' lang='lat' dir='ltr'>et</span> <span class='ocrx_word' id='word_1_73' title='bbox 1624 1049 1834 1103; x_wconf 90' lang='lat' dir='ltr'>cultum</span> <span class='ocrx_word' id='word_1_74' title='bbox 1882 1048 2174 1101; x_wconf 89' lang='lat' dir='ltr'>verborum</span> 
     </span>
     <span class='ocr_line' id='line_1_10' title="bbox 177 1141 2174 1211; baseline -0.001 -16"><span class='ocrx_word' id='word_1_75' title='bbox 177 1143 436 1209; x_wconf 83' lang='lat' dir='ltr'>miscetiS,</span> <span class='ocrx_word' id='word_1_76' title='bbox 468 1162 533 1197; x_wconf 90' lang='lat' dir='ltr'>ea</span> <span class='ocrx_word' id='word_1_77' title='bbox 558 1144 754 1197; x_wconf 89' lang='lat' dir='ltr'>electio</span> <span class='ocrx_word' id='word_1_78' title='bbox 780 1143 1121 1208; x_wconf 77' lang='lat' dir='ltr'>inventioniS,</span> <span class='ocrx_word' id='word_1_79' title='bbox 1149 1144 1194 1196; x_wconf 90' lang='lat' dir='ltr'>is</span> <span class='ocrx_word' id='word_1_80' title='bbox 1230 1145 1367 1196; x_wconf 92' lang='lat' dir='ltr'>ordo</span> <span class='ocrx_word' id='word_1_81' title='bbox 1404 1160 1602 1205; x_wconf 89' lang='lat' dir='ltr'>rerum,</span> <span class='ocrx_word' id='word_1_82' title='bbox 1630 1141 1693 1195; x_wconf 88' lang='lat' dir='ltr'>ea</span> <span class='ocrx_word' id='word_1_83' title='bbox 1725 1142 1978 1211; x_wconf 92' lang='lat' dir='ltr'>quotiens</span> <span class='ocrx_word' id='word_1_84' title='bbox 2010 1158 2174 1194; x_wconf 89' lang='lat' dir='ltr'>causa</span> 
     </span>
     <span class='ocr_line' id='line_1_11' title="bbox 175 1236 2175 1306; baseline -0.003 -15"><span class='ocrx_word' id='word_1_85' title='bbox 175 1238 355 1306; x_wconf 91' lang='lat' dir='ltr'>poscit</span> <span class='ocrx_word' id='word_1_86' title='bbox 394 1239 628 1301; x_wconf 82' lang='lat' dir='ltr'>ubertaS‚</span> <span class='ocrx_word' id='word_1_87' title='bbox 667 1254 732 1290; x_wconf 91' lang='lat' dir='ltr'>ea</span> <span class='ocrx_word' id='word_1_88' title='bbox 768 1237 1021 1305; x_wconf 91' lang='lat' dir='ltr'>quotiens</span> <span class='ocrx_word' id='word_1_89' title='bbox 1061 1237 1334 1304; x_wconf 90' lang='lat' dir='ltr'>permittit</span> <span class='ocrx_word' id='word_1_90' title='bbox 1375 1236 1630 1300; x_wconf 81' lang='lat' dir='ltr'>brevitaS‚</span> <span class='ocrx_word' id='word_1_91' title='bbox 1671 1238 1717 1288; x_wconf 90' lang='lat' dir='ltr'>is</span> <span class='ocrx_word' id='word_1_92' title='bbox 1757 1236 2175 1303; x_wconf 89' lang='lat' dir='ltr'>compositionis</span> 
     </span>
     <span class='ocr_line' id='line_1_12' title="bbox 177 1314 2174 1399; baseline -0.002 -15"><span class='ocrx_word' id='word_1_93' title='bbox 177 1314 358 1393; x_wconf 87' lang='lat' dir='ltr'>decor,</span> <span class='ocrx_word' id='word_1_94' title='bbox 391 1349 457 1384; x_wconf 92' lang='lat' dir='ltr'>ea</span> <span class='ocrx_word' id='word_1_95' title='bbox 495 1331 887 1384; x_wconf 90' lang='lat' dir='ltr'>sententiarum</span> <span class='ocrx_word' id='word_1_96' title='bbox 925 1330 1162 1399; x_wconf 89' lang='lat' dir='ltr'>planitas</span> <span class='ocrx_word' id='word_1_97' title='bbox 1201 1338 1299 1392; x_wconf 90' lang='lat' dir='ltr'>est,</span> <span class='ocrx_word' id='word_1_98' title='bbox 1335 1331 1413 1382; x_wconf 91' lang='lat' dir='ltr'>sic</span> <span class='ocrx_word' id='word_1_99' title='bbox 1453 1330 1766 1398; x_wconf 87' lang='lat' dir='ltr'>exprimitis</span> <span class='ocrx_word' id='word_1_100' title='bbox 1805 1329 2071 1393; x_wconf 84' lang='lat' dir='ltr'>adfectuS,</span> <span class='ocrx_word' id='word_1_101' title='bbox 2098 1329 2174 1381; x_wconf 88' lang='lat' dir='ltr'>sic</span> 
     </span>
    </p>
   </div>
   <div class='ocr_carea' id='block_1_3' title="bbox 176 1422 2226 1493">
    <p class='ocr_par' dir='ltr' id='par_1_3' title="bbox 176 1422 2226 1493">
     <span class='ocr_line' id='line_1_13' title="bbox 176 1422 2226 1493; baseline -0.001 -16"><span class='ocrx_word' id='word_1_102' title='bbox 176 1425 489 1493; x_wconf 88' lang='lat' dir='ltr'>libertatem</span> <span class='ocrx_word' id='word_1_103' title='bbox 527 1425 860 1492; x_wconf 82' lang='lat' dir='ltr'>temperatiS,</span> <span class='ocrx_word' id='word_1_104' title='bbox 898 1432 959 1477; x_wconf 91' lang='lat' dir='ltr'>ut</span> <span class='ocrx_word' id='word_1_105' title='bbox 998 1424 1167 1476; x_wconf 92' lang='lat' dir='ltr'>etiam</span> <span class='ocrx_word' id='word_1_106' title='bbox 1205 1423 1250 1475; x_wconf 92' lang='lat' dir='ltr'>si</span> <span class='ocrx_word' id='word_1_107' title='bbox 1290 1431 1478 1476; x_wconf 90' lang='lat' dir='ltr'>nostra</span> <span class='ocrx_word' id='word_1_108' title='bbox 1525 1424 1726 1476; x_wconf 91' lang='lat' dir='ltr'>iudicia</span> <span class='ocrx_word' id='word_1_109' title='bbox 1765 1422 2082 1491; x_wconf 87' lang='lat' dir='ltr'>malignitas</span> <span class='ocrx_word' id='word_1_110' title='bbox 2120 1430 2176 1474; x_wconf 92' lang='lat' dir='ltr'>et</span> <span class='ocrx_word' id='word_1_111' title='bbox 2209 1429 2226 1456; x_wconf 84' lang='lat'>²</span> 
     </span>
    </p>
   </div>
   <div class='ocr_carea' id='block_1_4' title="bbox 176 1514 2176 1959">
    <p class='ocr_par' dir='ltr' id='par_1_4' title="bbox 176 1514 2039 1585">
     <span class='ocr_line' id='line_1_14' title="bbox 176 1514 2039 1585; baseline -0.002 -16"><span class='ocrx_word' id='word_1_112' title='bbox 176 1517 380 1571; x_wconf 89' lang='lat' dir='ltr'>invidia</span> <span class='ocrx_word' id='word_1_113' title='bbox 404 1517 718 1582; x_wconf 87' lang='lat' dir='ltr'>tardaverit,</span> <span class='ocrx_word' id='word_1_114' title='bbox 742 1533 932 1569; x_wconf 88' lang='lat' dir='ltr'>verum</span> <span class='ocrx_word' id='word_1_115' title='bbox 960 1516 1032 1569; x_wconf 93' lang='lat' dir='ltr'>de</span> <span class='ocrx_word' id='word_1_116' title='bbox 1057 1516 1216 1569; x_wconf 90' lang='lat' dir='ltr'>vobis</span> <span class='ocrx_word' id='word_1_117' title='bbox 1243 1516 1442 1568; x_wconf 91' lang='lat' dir='ltr'>dicturi</span> <span class='ocrx_word' id='word_1_118' title='bbox 1467 1516 1577 1569; x_wconf 88' lang='lat' dir='ltr'>sint</span> <span class='ocrx_word' id='word_1_119' title='bbox 1602 1516 1808 1585; x_wconf 89' lang='lat' dir='ltr'>posteri</span> <span class='ocrx_word' id='word_1_120' title='bbox 1834 1514 2039 1568; x_wconf 90' lang='lat' dir='ltr'>nostri.&#39;</span> 
     </span>
    </p>

    <p class='ocr_par' dir='ltr' id='par_1_5' title="bbox 176 1607 2176 1959">
     <span class='ocr_line' id='line_1_15' title="bbox 247 1607 2175 1679; baseline -0.002 -15"><span class='ocrx_word' id='word_1_121' title='bbox 247 1614 355 1669; x_wconf 87' lang='lat'>24.</span> <span class='ocrx_word' id='word_1_122' title='bbox 395 1610 554 1679; x_wconf 78' lang='lat' dir='ltr'>Quae</span> <span class='ocrx_word' id='word_1_123' title='bbox 573 1628 699 1662; x_wconf 90' lang='lat' dir='ltr'>curn</span> <span class='ocrx_word' id='word_1_124' title='bbox 728 1610 884 1678; x_wconf 91' lang='lat' dir='ltr'>Aper</span> <span class='ocrx_word' id='word_1_125' title='bbox 908 1609 1156 1673; x_wconf 87' lang='lat' dir='ltr'>dixisset,</span> <span class='ocrx_word' id='word_1_126' title='bbox 1178 1611 1191 1635; x_wconf 90' lang='lat'>‘</span> <span class='ocrx_word' id='word_1_127' title='bbox 1207 1608 1641 1676; x_wconf 84' lang='lat' dir='ltr'>Adgnoscitisne</span> <span class='ocrx_word' id='word_1_128' title='bbox 1658 1607 1669 1626; x_wconf 94' lang='lat'>&#39;</span> <span class='ocrx_word' id='word_1_129' title='bbox 1694 1608 1871 1676; x_wconf 90' lang='lat' dir='ltr'>inquit</span> <span class='ocrx_word' id='word_1_130' title='bbox 1889 1609 2175 1661; x_wconf 89' lang='lat' dir='ltr'>Maternus</span> 
     </span>
     <span class='ocr_line' id='line_1_16' title="bbox 176 1701 2176 1773; baseline -0.002 -16"><span class='ocrx_word' id='word_1_131' title='bbox 176 1709 188 1732; x_wconf 91' lang='lat'>‘</span> <span class='ocrx_word' id='word_1_132' title='bbox 205 1704 319 1757; x_wconf 92' lang='lat' dir='ltr'>vim</span> <span class='ocrx_word' id='word_1_133' title='bbox 335 1712 390 1757; x_wconf 90' lang='lat' dir='ltr'>et</span> <span class='ocrx_word' id='word_1_134' title='bbox 410 1706 662 1757; x_wconf 93' lang='lat' dir='ltr'>ardorem</span> <span class='ocrx_word' id='word_1_135' title='bbox 677 1702 820 1773; x_wconf 90' lang='lat' dir='ltr'>Apri</span> <span class='ocrx_word' id='word_1_136' title='bbox 837 1704 1048 1756; x_wconf 84' lang='lat' dir='ltr'>nostri?</span> <span class='ocrx_word' id='word_1_137' title='bbox 1114 1702 1244 1771; x_wconf 79' lang='lat' dir='ltr'>Quo</span> <span class='ocrx_word' id='word_1_138' title='bbox 1262 1710 1518 1765; x_wconf 90' lang='lat' dir='ltr'>torrente,</span> <span class='ocrx_word' id='word_1_139' title='bbox 1534 1719 1643 1769; x_wconf 89' lang='lat' dir='ltr'>quo</span> <span class='ocrx_word' id='word_1_140' title='bbox 1666 1703 1875 1769; x_wconf 89' lang='lat' dir='ltr'>impetu</span> <span class='ocrx_word' id='word_1_141' title='bbox 1896 1701 2176 1754; x_wconf 90' lang='lat' dir='ltr'>saeculum</span> 
     </span>
     <span class='ocr_line' id='line_1_17' title="bbox 177 1797 2175 1865; baseline -0.002 -15"><span class='ocrx_word' id='word_1_142' title='bbox 177 1804 425 1850; x_wconf 89' lang='lat' dir='ltr'>nostrum</span> <span class='ocrx_word' id='word_1_143' title='bbox 470 1797 748 1851; x_wconf 80' lang='lat' dir='ltr'>defendit!</span> <span class='ocrx_word' id='word_1_144' title='bbox 826 1797 1011 1865; x_wconf 78' lang='lat' dir='ltr'>Quam</span> <span class='ocrx_word' id='word_1_145' title='bbox 1057 1797 1282 1864; x_wconf 88' lang='lat' dir='ltr'>copiose</span> <span class='ocrx_word' id='word_1_146' title='bbox 1326 1813 1389 1848; x_wconf 94' lang='lat' dir='ltr'>ac</span> <span class='ocrx_word' id='word_1_147' title='bbox 1428 1797 1578 1848; x_wconf 90' lang='lat' dir='ltr'>varie</span> <span class='ocrx_word' id='word_1_148' title='bbox 1620 1797 1846 1848; x_wconf 86' lang='lat' dir='ltr'>vexavit</span> <span class='ocrx_word' id='word_1_149' title='bbox 1890 1797 2175 1864; x_wconf 83' lang='lat' dir='ltr'>antiquos!</span> 
     </span>
     <span class='ocr_line' id='line_1_18' title="bbox 176 1888 2176 1959; baseline -0.001 -15"><span class='ocrx_word' id='word_1_150' title='bbox 176 1888 402 1959; x_wconf 80' lang='lat' dir='ltr'>Quanto</span> <span class='ocrx_word' id='word_1_151' title='bbox 446 1908 557 1943; x_wconf 93' lang='lat' dir='ltr'>non</span> <span class='ocrx_word' id='word_1_152' title='bbox 600 1889 778 1944; x_wconf 92' lang='lat' dir='ltr'>solum</span> <span class='ocrx_word' id='word_1_153' title='bbox 820 1890 1039 1958; x_wconf 87' lang='lat' dir='ltr'>ingenio</span> <span class='ocrx_word' id='word_1_154' title='bbox 1081 1906 1145 1942; x_wconf 90' lang='lat' dir='ltr'>ac</span> <span class='ocrx_word' id='word_1_155' title='bbox 1183 1889 1394 1957; x_wconf 79' lang='lat' dir='ltr'>spiritU,</span> <span class='ocrx_word' id='word_1_156' title='bbox 1433 1890 1529 1942; x_wconf 91' lang='lat' dir='ltr'>sed</span> <span class='ocrx_word' id='word_1_157' title='bbox 1569 1889 1737 1942; x_wconf 91' lang='lat' dir='ltr'>etiam</span> <span class='ocrx_word' id='word_1_158' title='bbox 1777 1889 2082 1943; x_wconf 88' lang='lat' dir='ltr'>eruditione</span> <span class='ocrx_word' id='word_1_159' title='bbox 2120 1897 2176 1942; x_wconf 93' lang='lat' dir='ltr'>et</span> 
     </span>
    </p>
   </div>
   <div class='ocr_carea' id='block_1_5' title="bbox 174 2023 2175 2241">
    <p class='ocr_par' dir='ltr' id='par_1_6' title="bbox 174 2023 2175 2241">
     <span class='ocr_line' id='line_1_19' title="bbox 233 2023 2175 2076; baseline 0 -12"><span class='ocrx_word' id='word_1_160' title='bbox 233 2036 295 2076; x_wconf 89' lang='lat'>15.</span> <span class='ocrx_word' id='word_1_161' title='bbox 324 2024 466 2064; x_wconf 87' lang='lat' dir='ltr'>animi</span> <span class='ocrx_word' id='word_1_162' title='bbox 483 2024 624 2075; x_wconf 66' lang='lat' dir='ltr'>codd„</span> <span class='ocrx_word' id='word_1_163' title='bbox 643 2025 781 2065; x_wconf 85' lang='lat' dir='ltr'>nimia</span> <span class='ocrx_word' id='word_1_164' title='bbox 801 2024 987 2074; x_wconf 90' lang='lat' dir='ltr'>Schulze‚</span> <span class='ocrx_word' id='word_1_165' title='bbox 1010 2023 1155 2064; x_wconf 91' lang='lat' dir='ltr'>Halm.</span> <span class='ocrx_word' id='word_1_166' title='bbox 1319 2024 1383 2064; x_wconf 91' lang='lat'>18.</span> <span class='ocrx_word' id='word_1_167' title='bbox 1413 2023 1507 2064; x_wconf 83' lang='lat' dir='ltr'>viri</span> <span class='ocrx_word' id='word_1_168' title='bbox 1525 2023 1619 2063; x_wconf 91' lang='lat' dir='ltr'>add.</span> <span class='ocrx_word' id='word_1_169' title='bbox 1637 2024 1867 2064; x_wconf 88' lang='lat' dir='ltr'>Acidalius.</span> <span class='ocrx_word' id='word_1_170' title='bbox 2037 2037 2098 2065; x_wconf 80' lang='lat'>22.</span> <span class='ocrx_word' id='word_1_171' title='bbox 2128 2038 2175 2065; x_wconf 84' lang='lat' dir='ltr'>ea</span> 
     </span>
     <span class='ocr_line' id='line_1_20' title="bbox 174 2079 2174 2132; baseline 0 -13"><span class='ocrx_word' id='word_1_172' title='bbox 174 2080 361 2132; x_wconf 86' lang='lat' dir='ltr'>quotiens</span> <span class='ocrx_word' id='word_1_173' title='bbox 379 2079 605 2132; x_wconf 88' lang='lat' dir='ltr'>Wopkens,</span> <span class='ocrx_word' id='word_1_174' title='bbox 627 2085 667 2119; x_wconf 86' lang='lat' dir='ltr'>et</span> <span class='ocrx_word' id='word_1_175' title='bbox 676 2080 863 2132; x_wconf 85' lang='lat' dir='ltr'>quotiens</span> <span class='ocrx_word' id='word_1_176' title='bbox 882 2080 1002 2119; x_wconf 85' lang='lat' dir='ltr'>codd.</span> <span class='ocrx_word' id='word_1_177' title='bbox 1133 2091 1194 2130; x_wconf 84' lang='lat'>23·</span> <span class='ocrx_word' id='word_1_178' title='bbox 1216 2079 1491 2131; x_wconf 83' lang='lat' dir='ltr'>permittitur</span> <span class='ocrx_word' id='word_1_179' title='bbox 1509 2079 1629 2119; x_wconf 88' lang='lat' dir='ltr'>codd.</span> <span class='ocrx_word' id='word_1_180' title='bbox 1650 2085 1793 2130; x_wconf 89' lang='lat' dir='ltr'>except</span> <span class='ocrx_word' id='word_1_181' title='bbox 1814 2079 1860 2118; x_wconf 91' lang='lat' dir='ltr'>E.</span> <span class='ocrx_word' id='word_1_182' title='bbox 1989 2092 2053 2130; x_wconf 87' lang='lat'>24.</span> <span class='ocrx_word' id='word_1_183' title='bbox 2077 2081 2174 2131; x_wconf 81' lang='lat' dir='ltr'>pla-</span> 
     </span>
     <span class='ocr_line' id='line_1_21' title="bbox 175 2133 2175 2187; baseline 0.001 -15"><span class='ocrx_word' id='word_1_184' title='bbox 175 2134 289 2174; x_wconf 83' lang='lat' dir='ltr'>nitas</span> <span class='ocrx_word' id='word_1_185' title='bbox 316 2139 425 2174; x_wconf 86' lang='lat' dir='ltr'>most</span> <span class='ocrx_word' id='word_1_186' title='bbox 452 2133 589 2181; x_wconf 69' lang='lat' dir='ltr'>codd„</span> <span class='ocrx_word' id='word_1_187' title='bbox 601 2135 786 2186; x_wconf 82' lang='lat' dir='ltr'>plenitas</span> <span class='ocrx_word' id='word_1_188' title='bbox 806 2135 839 2173; x_wconf 91' lang='lat' dir='ltr'><strong>B</strong></span> <span class='ocrx_word' id='word_1_189' title='bbox 859 2147 961 2174; x_wconf 92' lang='lat' dir='ltr'>corr.</span> <span class='ocrx_word' id='word_1_190' title='bbox 981 2134 1064 2174; x_wconf 90' lang='lat' dir='ltr'>and</span> <span class='ocrx_word' id='word_1_191' title='bbox 1084 2134 1137 2179; x_wconf 89' lang='lat' dir='ltr'>D,</span> <span class='ocrx_word' id='word_1_192' title='bbox 1152 2135 1346 2185; x_wconf 74' lang='lat' dir='ltr'>gravitas</span> <span class='ocrx_word' id='word_1_193' title='bbox 1374 2133 1606 2186; x_wconf 87' lang='lat' dir='ltr'>Schulting,</span> <span class='ocrx_word' id='word_1_194' title='bbox 1626 2134 1788 2173; x_wconf 84' lang='lat' dir='ltr'>sanitas</span> <span class='ocrx_word' id='word_1_195' title='bbox 1807 2133 1983 2187; x_wconf 88' lang='lat' dir='ltr'>Lipsius,</span> <span class='ocrx_word' id='word_1_196' title='bbox 2004 2134 2175 2174; x_wconf 83' lang='lat' dir='ltr'>claritas</span> 
     </span>
     <span class='ocr_line' id='line_1_22' title="bbox 175 2187 1240 2241; baseline 0.001 -13"><span class='ocrx_word' id='word_1_197' title='bbox 175 2187 437 2239; x_wconf 85' lang='lat' dir='ltr'>Cornelissen</span> <span class='ocrx_word' id='word_1_198' title='bbox 460 2187 542 2241; x_wconf 84' lang='lat' dir='ltr'>(cp.</span> <span class='ocrx_word' id='word_1_199' title='bbox 562 2188 704 2241; x_wconf 84' lang='lat' dir='ltr'>Quint.</span> <span class='ocrx_word' id='word_1_200' title='bbox 725 2188 768 2229; x_wconf 90' lang='lat' dir='ltr'>ii.</span> <span class='ocrx_word' id='word_1_201' title='bbox 796 2187 861 2239; x_wconf 89' lang='lat'>16,</span> <span class='ocrx_word' id='word_1_202' title='bbox 885 2200 961 2237; x_wconf 79' lang='lat' dir='ltr'>io;</span> <span class='ocrx_word' id='word_1_203' title='bbox 981 2189 1067 2228; x_wconf 85' lang='lat' dir='ltr'>viii.</span> <span class='ocrx_word' id='word_1_204' title='bbox 1090 2199 1130 2239; x_wconf 82' lang='lat'>3,</span> <span class='ocrx_word' id='word_1_205' title='bbox 1153 2189 1240 2241; x_wconf 86' lang='lat'>70).</span> 
     </span>
    </p>
   </div>
   <div class='ocr_carea' id='block_1_6' title="bbox 158 2304 2175 2792">
    <p class='ocr_par' dir='ltr' id='par_1_7' title="bbox 158 2304 2175 2792">
     <span class='ocr_line' id='line_1_23' title="bbox 174 2304 2174 2358; baseline 0 -12"><span class='ocrx_word' id='word_1_206' title='bbox 174 2305 320 2358; x_wconf 85' lang='lat' dir='ltr'>vigour</span> <span class='ocrx_word' id='word_1_207' title='bbox 335 2305 412 2345; x_wconf 92' lang='lat' dir='ltr'>but</span> <span class='ocrx_word' id='word_1_208' title='bbox 430 2305 537 2345; x_wconf 89' lang='lat' dir='ltr'>their</span> <span class='ocrx_word' id='word_1_209' title='bbox 561 2305 902 2345; x_wconf 88' lang='lat' dir='ltr'>abstemiousness</span> <span class='ocrx_word' id='word_1_210' title='bbox 923 2304 1013 2345; x_wconf 90' lang='lat' dir='ltr'>that</span> <span class='ocrx_word' id='word_1_211' title='bbox 1033 2304 1132 2357; x_wconf 88' lang='lat' dir='ltr'>they</span> <span class='ocrx_word' id='word_1_212' title='bbox 1216 2305 1264 2345; x_wconf 89' lang='lat' dir='ltr'>of</span> <span class='ocrx_word' id='word_1_213' title='bbox 1287 2304 1356 2345; x_wconf 91' lang='lat' dir='ltr'>the</span> <span class='ocrx_word' id='word_1_214' title='bbox 1385 2304 1516 2346; x_wconf 92' lang='lat' dir='ltr'>Silver</span> <span class='ocrx_word' id='word_1_215' title='bbox 1542 2305 1634 2357; x_wconf 88' lang='lat' dir='ltr'>Age</span> <span class='ocrx_word' id='word_1_216' title='bbox 1662 2310 1707 2345; x_wconf 92' lang='lat' dir='ltr'>to</span> <span class='ocrx_word' id='word_1_217' title='bbox 1735 2317 1806 2345; x_wconf 89' lang='lat' dir='ltr'>use</span> <span class='ocrx_word' id='word_1_218' title='bbox 1834 2305 2015 2346; x_wconf 91' lang='lat' dir='ltr'>abstract</span> <span class='ocrx_word' id='word_1_219' title='bbox 2041 2319 2174 2346; x_wconf 89' lang='lat' dir='ltr'>nouns</span> 
     </span>
     <span class='ocr_line' id='line_1_24' title="bbox 174 2359 1789 2412; baseline 0 -12"><span class='ocrx_word' id='word_1_220' title='bbox 174 2361 279 2401; x_wconf 82' lang='lat' dir='ltr'>have</span> <span class='ocrx_word' id='word_1_221' title='bbox 306 2365 351 2400; x_wconf 92' lang='lat' dir='ltr'>to</span> <span class='ocrx_word' id='word_1_222' title='bbox 379 2360 508 2400; x_wconf 88' lang='lat' dir='ltr'>thank</span> <span class='ocrx_word' id='word_1_223' title='bbox 537 2359 601 2400; x_wconf 91' lang='lat' dir='ltr'>for</span> <span class='ocrx_word' id='word_1_224' title='bbox 626 2360 696 2400; x_wconf 91' lang='lat' dir='ltr'>the</span> <span class='ocrx_word' id='word_1_225' title='bbox 723 2359 892 2412; x_wconf 88' lang='lat' dir='ltr'>healthy</span> <span class='ocrx_word' id='word_1_226' title='bbox 919 2359 1131 2399; x_wconf 88' lang='lat' dir='ltr'>condition</span> <span class='ocrx_word' id='word_1_227' title='bbox 1215 2360 1314 2400; x_wconf 91' lang='lat' dir='ltr'>with</span> <span class='ocrx_word' id='word_1_228' title='bbox 1333 2373 1358 2399; x_wconf 88' lang='lat' dir='ltr'>a</span> <span class='ocrx_word' id='word_1_229' title='bbox 1377 2365 1564 2400; x_wconf 90' lang='lat' dir='ltr'>concrete</span> <span class='ocrx_word' id='word_1_230' title='bbox 1584 2360 1789 2411; x_wconf 87' lang='lat' dir='ltr'>meaning.</span> 
     </span>
     <span class='ocr_line' id='line_1_25' title="bbox 175 2412 2174 2468; baseline -0.001 -13"><span class='ocrx_word' id='word_1_231' title='bbox 175 2414 224 2455; x_wconf 82' lang='lat' dir='ltr'>of</span> <span class='ocrx_word' id='word_1_232' title='bbox 246 2413 383 2454; x_wconf 88' lang='lat' dir='ltr'>which</span> <span class='ocrx_word' id='word_1_233' title='bbox 410 2414 508 2466; x_wconf 89' lang='lat' dir='ltr'>they</span> <span class='ocrx_word' id='word_1_234' title='bbox 529 2414 664 2455; x_wconf 90' lang='lat' dir='ltr'>boast.</span> <span class='ocrx_word' id='word_1_235' title='bbox 720 2415 798 2467; x_wconf 91' lang='lat' dir='ltr'>Cp.</span> <span class='ocrx_word' id='word_1_236' title='bbox 821 2415 962 2466; x_wconf 86' lang='lat' dir='ltr'>Quint.</span> <span class='ocrx_word' id='word_1_237' title='bbox 983 2414 1025 2454; x_wconf 90' lang='lat' dir='ltr'>ii.</span> <span class='ocrx_word' id='word_1_238' title='bbox 1045 2426 1085 2467; x_wconf 90' lang='lat'>4,</span> <span class='ocrx_word' id='word_1_239' title='bbox 1106 2426 1132 2468; x_wconf 94' lang='lat'>9</span> <span class='ocrx_word' id='word_1_240' title='bbox 1274 2426 1337 2465; x_wconf 88' lang='lat'>24.</span> <span class='ocrx_word' id='word_1_241' title='bbox 1366 2417 1587 2464; x_wconf 79' lang='lat' dir='ltr'>planitas,</span> <span class='ocrx_word' id='word_1_242' title='bbox 1604 2412 1906 2466; x_wconf 89' lang='lat' dir='ltr'>‘perspicuity.&#39;</span> <span class='ocrx_word' id='word_1_243' title='bbox 1939 2413 2042 2454; x_wconf 92' lang='lat' dir='ltr'>This</span> <span class='ocrx_word' id='word_1_244' title='bbox 2057 2415 2174 2454; x_wconf 89' lang='lat' dir='ltr'>word</span> 
     </span>
     <span class='ocr_line' id='line_1_26' title="bbox 172 2468 2175 2522; baseline 0 -13"><span class='ocrx_word' id='word_1_245' title='bbox 172 2469 324 2510; x_wconf 86' lang='lat' dir='ltr'>macies</span> <span class='ocrx_word' id='word_1_246' title='bbox 342 2468 428 2508; x_wconf 89' lang='lat' dir='ltr'>illis</span> <span class='ocrx_word' id='word_1_247' title='bbox 446 2481 522 2522; x_wconf 92' lang='lat' dir='ltr'>pro</span> <span class='ocrx_word' id='word_1_248' title='bbox 540 2469 727 2510; x_wconf 88' lang='lat' dir='ltr'>sanitate.</span> <span class='ocrx_word' id='word_1_249' title='bbox 1216 2469 1317 2509; x_wconf 91' lang='lat' dir='ltr'>does</span> <span class='ocrx_word' id='word_1_250' title='bbox 1344 2473 1419 2508; x_wconf 91' lang='lat' dir='ltr'>not</span> <span class='ocrx_word' id='word_1_251' title='bbox 1447 2481 1570 2509; x_wconf 89' lang='lat' dir='ltr'>occur</span> <span class='ocrx_word' id='word_1_252' title='bbox 1599 2469 1844 2509; x_wconf 88' lang='lat' dir='ltr'>elsewhere:</span> <span class='ocrx_word' id='word_1_253' title='bbox 1888 2481 1952 2521; x_wconf 92' lang='lat' dir='ltr'>cp.</span> <span class='ocrx_word' id='word_1_254' title='bbox 1986 2469 2175 2509; x_wconf 86' lang='lat' dir='ltr'>however</span> 
     </span>
     <span class='ocr_line' id='line_1_27' title="bbox 233 2522 2175 2576; baseline 0 -14"><span class='ocrx_word' id='word_1_255' title='bbox 233 2535 295 2575; x_wconf 88' lang='lat'>14.</span> <span class='ocrx_word' id='word_1_256' title='bbox 310 2522 793 2575; x_wconf 82' lang='lat' dir='ltr'>Porro,continuingthe</span> <span class='ocrx_word' id='word_1_257' title='bbox 804 2528 1042 2575; x_wconf 86' lang='lat' dir='ltr'>argument:</span> <span class='ocrx_word' id='word_1_258' title='bbox 1065 2536 1133 2563; x_wconf 92' lang='lat' dir='ltr'>see</span> <span class='ocrx_word' id='word_1_259' title='bbox 1216 2523 1304 2563; x_wconf 90' lang='lat' dir='ltr'>Cic.</span> <span class='ocrx_word' id='word_1_260' title='bbox 1326 2523 1433 2575; x_wconf 94' lang='lat' dir='ltr'>Top.</span> <span class='ocrx_word' id='word_1_261' title='bbox 1458 2526 1478 2571; x_wconf 68' lang='grc'><strong>5</strong></span> <span class='ocrx_word' id='word_1_262' title='bbox 1500 2531 1552 2576; x_wconf 87' lang='lat'>97</span> <span class='ocrx_word' id='word_1_263' title='bbox 1575 2523 1832 2564; x_wconf 87' lang='lat' dir='ltr'>efficiendum</span> <span class='ocrx_word' id='word_1_264' title='bbox 1858 2528 1919 2563; x_wconf 91' lang='lat' dir='ltr'>est</span> <span class='ocrx_word' id='word_1_265' title='bbox 1941 2554 1951 2564; x_wconf 93' lang='lat'>.</span> <span class='ocrx_word' id='word_1_266' title='bbox 1974 2554 1984 2564; x_wconf 89' lang='lat'>.</span> <span class='ocrx_word' id='word_1_267' title='bbox 2006 2536 2175 2563; x_wconf 59' lang='lat' dir='ltr'>:narra-</span> 
     </span>
     <span class='ocr_line' id='line_1_28' title="bbox 174 2577 2169 2631; baseline 0.001 -14"><span class='ocrx_word' id='word_1_268' title='bbox 174 2590 229 2618; x_wconf 89' lang='lat' dir='ltr'>on</span> <span class='ocrx_word' id='word_1_269' title='bbox 245 2579 282 2618; x_wconf 87' lang='lat'>5.</span> <span class='ocrx_word' id='word_1_270' title='bbox 301 2586 337 2630; x_wconf 85' lang='lat'>7.</span> <span class='ocrx_word' id='word_1_271' title='bbox 382 2578 466 2618; x_wconf 90' lang='lat' dir='ltr'>For</span> <span class='ocrx_word' id='word_1_272' title='bbox 468 2583 627 2630; x_wconf 82' lang='lat' dir='ltr'>parum</span> <span class='ocrx_word' id='word_1_273' title='bbox 638 2583 708 2626; x_wconf 88' lang='lat' dir='ltr'>est,</span> <span class='ocrx_word' id='word_1_274' title='bbox 723 2590 790 2617; x_wconf 92' lang='lat' dir='ltr'>see</span> <span class='ocrx_word' id='word_1_275' title='bbox 802 2577 956 2618; x_wconf 90' lang='lat' dir='ltr'>Introd.</span> <span class='ocrx_word' id='word_1_276' title='bbox 970 2591 1012 2630; x_wconf 90' lang='lat' dir='ltr'>p.</span> <span class='ocrx_word' id='word_1_277' title='bbox 1028 2577 1130 2619; x_wconf 88' lang='lat' dir='ltr'>lviii.</span> <span class='ocrx_word' id='word_1_278' title='bbox 1216 2578 1348 2618; x_wconf 89' lang='lat' dir='ltr'>tiones</span> <span class='ocrx_word' id='word_1_279' title='bbox 1368 2584 1413 2617; x_wconf 90' lang='lat' dir='ltr'>ut</span> <span class='ocrx_word' id='word_1_280' title='bbox 1429 2608 1439 2618; x_wconf 96' lang='lat'>.</span> <span class='ocrx_word' id='word_1_281' title='bbox 1457 2607 1466 2616; x_wconf 89' lang='lat'>.</span> <span class='ocrx_word' id='word_1_282' title='bbox 1484 2608 1493 2617; x_wconf 97' lang='lat'>.</span> <span class='ocrx_word' id='word_1_283' title='bbox 1509 2578 1658 2630; x_wconf 86' lang='lat' dir='ltr'>planae</span> <span class='ocrx_word' id='word_1_284' title='bbox 1673 2578 1773 2618; x_wconf 90' lang='lat' dir='ltr'>sint:</span> <span class='ocrx_word' id='word_1_285' title='bbox 1795 2578 1935 2631; x_wconf 89' lang='lat' dir='ltr'>Quint.</span> <span class='ocrx_word' id='word_1_286' title='bbox 1948 2577 2033 2618; x_wconf 89' lang='lat' dir='ltr'>viii.</span> <span class='ocrx_word' id='word_1_287' title='bbox 2052 2589 2089 2627; x_wconf 89' lang='lat'>2,</span> <span class='ocrx_word' id='word_1_288' title='bbox 2106 2589 2169 2618; x_wconf 86' lang='lat'>22.</span> 
     </span>
     <span class='ocr_line' id='line_1_29' title="bbox 232 2631 2174 2683; baseline 0.001 -12"><span class='ocrx_word' id='word_1_289' title='bbox 232 2641 293 2681; x_wconf 88' lang='lat'>17.</span> <span class='ocrx_word' id='word_1_290' title='bbox 323 2634 612 2672; x_wconf 77' lang='lat' dir='ltr'>infirmitate.</span> <span class='ocrx_word' id='word_1_291' title='bbox 669 2632 805 2672; x_wconf 87' lang='lat' dir='ltr'>Wolff</span> <span class='ocrx_word' id='word_1_292' title='bbox 829 2644 921 2683; x_wconf 89' lang='lat' dir='ltr'>says</span> <span class='ocrx_word' id='word_1_293' title='bbox 949 2633 1036 2672; x_wconf 91' lang='lat' dir='ltr'>that</span> <span class='ocrx_word' id='word_1_294' title='bbox 1067 2633 1133 2672; x_wconf 84' lang='lat' dir='ltr'>in·</span> <span class='ocrx_word' id='word_1_295' title='bbox 1270 2634 1496 2682; x_wconf 76' lang='lat' dir='ltr'>adfectus,</span> <span class='ocrx_word' id='word_1_296' title='bbox 1537 2646 1592 2673; x_wconf 88' lang='lat' dir='ltr'>sc.</span> <span class='ocrx_word' id='word_1_297' title='bbox 1630 2637 1797 2672; x_wconf 89' lang='lat' dir='ltr'>vestros.</span> <span class='ocrx_word' id='word_1_298' title='bbox 1872 2631 2024 2673; x_wconf 88' lang='lat' dir='ltr'>Others</span> <span class='ocrx_word' id='word_1_299' title='bbox 2069 2633 2174 2672; x_wconf 88' lang='lat' dir='ltr'>have</span> 
     </span>
     <span class='ocr_line' id='line_1_30' title="bbox 158 2685 2174 2740; baseline 0.001 -15"><span class='ocrx_word' id='word_1_300' title='bbox 158 2686 363 2740; x_wconf 87' lang='lat' dir='ltr'>firmitas,</span> <span class='ocrx_word' id='word_1_301' title='bbox 374 2685 517 2736; x_wconf 90' lang='lat' dir='ltr'>joined</span> <span class='ocrx_word' id='word_1_302' title='bbox 528 2686 630 2726; x_wconf 88' lang='lat' dir='ltr'>with</span> <span class='ocrx_word' id='word_1_303' title='bbox 648 2686 719 2727; x_wconf 89' lang='lat' dir='ltr'>the</span> <span class='ocrx_word' id='word_1_304' title='bbox 737 2687 937 2739; x_wconf 87' lang='lat' dir='ltr'>genitives</span> <span class='ocrx_word' id='word_1_305' title='bbox 954 2687 1135 2739; x_wconf 87' lang='lat' dir='ltr'>corporis</span> <span class='ocrx_word' id='word_1_306' title='bbox 1215 2687 1339 2726; x_wconf 87' lang='lat' dir='ltr'>taken</span> <span class='ocrx_word' id='word_1_307' title='bbox 1357 2687 1597 2738; x_wconf 80' lang='lat' dir='ltr'>exprimitis</span> <span class='ocrx_word' id='word_1_308' title='bbox 1614 2686 1655 2727; x_wconf 87' lang='lat' dir='ltr'>in</span> <span class='ocrx_word' id='word_1_309' title='bbox 1671 2687 1741 2727; x_wconf 88' lang='lat' dir='ltr'>the</span> <span class='ocrx_word' id='word_1_310' title='bbox 1757 2700 1872 2727; x_wconf 88' lang='lat' dir='ltr'>sense</span> <span class='ocrx_word' id='word_1_311' title='bbox 1887 2687 1933 2727; x_wconf 80' lang='lat' dir='ltr'>of</span> <span class='ocrx_word' id='word_1_312' title='bbox 1950 2691 1961 2709; x_wconf 87' lang='lat'>‘</span> <span class='ocrx_word' id='word_1_313' title='bbox 1973 2685 2174 2736; x_wconf 84' lang='lat' dir='ltr'>movetis,’</span> 
     </span>
     <span class='ocr_line' id='line_1_31' title="bbox 173 2741 1457 2792; baseline 0.001 -13"><span class='ocrx_word' id='word_1_314' title='bbox 173 2753 222 2780; x_wconf 92' lang='lat' dir='ltr'>or</span> <span class='ocrx_word' id='word_1_315' title='bbox 239 2741 508 2791; x_wconf 84' lang='lat' dir='ltr'>valetudinis,</span> <span class='ocrx_word' id='word_1_316' title='bbox 529 2754 683 2791; x_wconf 90' lang='lat' dir='ltr'>means,</span> <span class='ocrx_word' id='word_1_317' title='bbox 709 2741 753 2780; x_wconf 91' lang='lat' dir='ltr'>in</span> <span class='ocrx_word' id='word_1_318' title='bbox 775 2741 963 2781; x_wconf 87' lang='lat' dir='ltr'>classical</span> <span class='ocrx_word' id='word_1_319' title='bbox 991 2742 1129 2792; x_wconf 92' lang='lat' dir='ltr'>Latin,</span> <span class='ocrx_word' id='word_1_320' title='bbox 1215 2744 1227 2764; x_wconf 87' lang='lat'><em>‘</em></span> <span class='ocrx_word' id='word_1_321' title='bbox 1244 2741 1457 2782; x_wconf 65' lang='lat' dir='ltr'>excitatis!</span> 
     </span>
    </p>
   </div>
   <div class='ocr_carea' id='block_1_7' title="bbox 173 2794 2172 3500">
    <p class='ocr_par' dir='ltr' id='par_1_8' title="bbox 175 2794 2172 2848">
     <span class='ocr_line' id='line_1_32' title="bbox 175 2794 2172 2848; baseline 0.001 -13"><span class='ocrx_word' id='word_1_322' title='bbox 175 2794 275 2847; x_wconf 86' lang='lat' dir='ltr'>only</span> <span class='ocrx_word' id='word_1_323' title='bbox 304 2795 648 2848; x_wconf 89' lang='lat' dir='ltr'>‘indisposition.&#39;</span> <span class='ocrx_word' id='word_1_324' title='bbox 715 2794 772 2836; x_wconf 93' lang='lat' dir='ltr'>So</span> <span class='ocrx_word' id='word_1_325' title='bbox 801 2796 893 2837; x_wconf 89' lang='lat' dir='ltr'>Cic.</span> <span class='ocrx_word' id='word_1_326' title='bbox 924 2795 1031 2837; x_wconf 93' lang='lat' dir='ltr'>Phil.</span> <span class='ocrx_word' id='word_1_327' title='bbox 1056 2796 1128 2836; x_wconf 92' lang='lat' dir='ltr'>vii.</span> <span class='ocrx_word' id='word_1_328' title='bbox 1272 2808 1290 2834; x_wconf 88' lang='lat'><strong>2</strong></span> <span class='ocrx_word' id='word_1_329' title='bbox 1298 2808 1335 2848; x_wconf 86' lang='lat'>5.</span> <span class='ocrx_word' id='word_1_330' title='bbox 1364 2799 1645 2842; x_wconf 85' lang='lat' dir='ltr'>libertatem,</span> <span class='ocrx_word' id='word_1_331' title='bbox 1674 2809 1720 2836; x_wconf 91' lang='lat' dir='ltr'>as</span> <span class='ocrx_word' id='word_1_332' title='bbox 1750 2797 1816 2837; x_wconf 86' lang='lat'>10.</span> <span class='ocrx_word' id='word_1_333' title='bbox 1842 2795 1896 2835; x_wconf 90' lang='lat' dir='ltr'>ad</span> <span class='ocrx_word' id='word_1_334' title='bbox 1925 2795 2023 2845; x_wconf 89' lang='lat' dir='ltr'>fin.;</span> <span class='ocrx_word' id='word_1_335' title='bbox 2053 2799 2065 2818; x_wconf 91' lang='lat'>‘</span> <span class='ocrx_word' id='word_1_336' title='bbox 2082 2802 2172 2836; x_wconf 88' lang='lat' dir='ltr'>out-</span> 
     </span>
    </p>

    <p class='ocr_par' dir='ltr' id='par_1_9' title="bbox 178 2843 1844 2903">
     <span class='ocr_line' id='line_1_33' title="bbox 178 2843 1844 2903; baseline 0.002 -16"><span class='ocrx_word' id='word_1_337' title='bbox 178 2859 252 2890; x_wconf 81' lang='lat'>12:</span> <span class='ocrx_word' id='word_1_338' title='bbox 283 2849 422 2890; x_wconf 88' lang='lat' dir='ltr'>Rabir.</span> <span class='ocrx_word' id='word_1_339' title='bbox 446 2852 466 2898; x_wconf 70' lang='lat'><strong>5</strong></span> <span class='ocrx_word' id='word_1_340' title='bbox 487 2861 561 2891; x_wconf 79' lang='lat'>21:</span> <span class='ocrx_word' id='word_1_341' title='bbox 591 2849 722 2900; x_wconf 87' lang='lat' dir='ltr'>Sulla,</span> <span class='ocrx_word' id='word_1_342' title='bbox 744 2853 765 2898; x_wconf 68' lang='grc' dir='ltr'><strong>ξ</strong></span> <span class='ocrx_word' id='word_1_343' title='bbox 789 2861 854 2901; x_wconf 83' lang='lat'>34.</span> <span class='ocrx_word' id='word_1_344' title='bbox 916 2843 996 2903; x_wconf 79' lang='lat' dir='ltr'>Cp.</span> <span class='ocrx_word' id='word_1_345' title='bbox 1016 2851 1081 2890; x_wconf 86' lang='lat'>20.</span> <span class='ocrx_word' id='word_1_346' title='bbox 1106 2862 1124 2890; x_wconf 95' lang='lat'>1</span> <span class='ocrx_word' id='word_1_347' title='bbox 1213 2849 1490 2903; x_wconf 88' lang='lat' dir='ltr'>spokenness.’</span> <span class='ocrx_word' id='word_1_348' title='bbox 1539 2850 1616 2902; x_wconf 90' lang='lat' dir='ltr'>Cp.</span> <span class='ocrx_word' id='word_1_349' title='bbox 1637 2849 1844 2902; x_wconf 81' lang='grc' dir='ltr'>παρρησία.</span> 
     </span>
    </p>

    <p class='ocr_par' dir='ltr' id='par_1_10' title="bbox 173 2902 2172 2957">
     <span class='ocr_line' id='line_1_34' title="bbox 173 2902 2172 2957; baseline 0.002 -15"><span class='ocrx_word' id='word_1_350' title='bbox 173 2902 407 2944; x_wconf 84' lang='lat' dir='ltr'>infirmitate</span> <span class='ocrx_word' id='word_1_351' title='bbox 425 2903 686 2944; x_wconf 85' lang='lat' dir='ltr'>valetudinis.</span> <span class='ocrx_word' id='word_1_352' title='bbox 734 2905 783 2944; x_wconf 93' lang='lat' dir='ltr'>In</span> <span class='ocrx_word' id='word_1_353' title='bbox 805 2905 909 2944; x_wconf 89' lang='lat' dir='ltr'>Plin.</span> <span class='ocrx_word' id='word_1_354' title='bbox 926 2904 1007 2957; x_wconf 89' lang='lat' dir='ltr'>Ep.</span> <span class='ocrx_word' id='word_1_355' title='bbox 1027 2919 1065 2946; x_wconf 89' lang='lat' dir='ltr'>x.</span> <span class='ocrx_word' id='word_1_356' title='bbox 1088 2904 1127 2954; x_wconf 93' lang='lat'>6,</span> <span class='ocrx_word' id='word_1_357' title='bbox 1266 2910 1428 2945; x_wconf 88' lang='lat' dir='ltr'>nostra</span> <span class='ocrx_word' id='word_1_358' title='bbox 1447 2906 1636 2953; x_wconf 80' lang='lat' dir='ltr'>iudicia,</span> <span class='ocrx_word' id='word_1_359' title='bbox 1657 2918 1709 2944; x_wconf 90' lang='lat' dir='ltr'>an</span> <span class='ocrx_word' id='word_1_360' title='bbox 1725 2905 2001 2957; x_wconf 86' lang='lat' dir='ltr'>appreciative</span> <span class='ocrx_word' id='word_1_361' title='bbox 2016 2905 2172 2945; x_wconf 87' lang='lat' dir='ltr'>verdict</span> 
     </span>
    </p>

    <p class='ocr_par' dir='ltr' id='par_1_11' title="bbox 178 2958 1896 3011">
     <span class='ocr_line' id='line_1_35' title="bbox 178 2958 1896 3011; baseline 0.002 -15"><span class='ocrx_word' id='word_1_362' title='bbox 178 2968 196 2996; x_wconf 96' lang='lat'>1</span> <span class='ocrx_word' id='word_1_363' title='bbox 219 2958 251 2998; x_wconf 88' lang='lat' dir='ltr'>it</span> <span class='ocrx_word' id='word_1_364' title='bbox 270 2958 435 3010; x_wconf 86' lang='lat' dir='ltr'>already</span> <span class='ocrx_word' id='word_1_365' title='bbox 453 2959 592 2998; x_wconf 89' lang='lat' dir='ltr'>stands</span> <span class='ocrx_word' id='word_1_366' title='bbox 611 2959 674 2998; x_wconf 85' lang='lat' dir='ltr'>for</span> <span class='ocrx_word' id='word_1_367' title='bbox 692 2972 717 2998; x_wconf 88' lang='lat' dir='ltr'>a</span> <span class='ocrx_word' id='word_1_368' title='bbox 742 2971 857 2998; x_wconf 90' lang='lat' dir='ltr'>more</span> <span class='ocrx_word' id='word_1_369' title='bbox 882 2960 1037 2998; x_wconf 88' lang='lat' dir='ltr'>serious</span> <span class='ocrx_word' id='word_1_370' title='bbox 1062 2959 1127 2998; x_wconf 90' lang='lat' dir='ltr'>ill·</span> <span class='ocrx_word' id='word_1_371' title='bbox 1212 2958 1318 2998; x_wconf 89' lang='lat' dir='ltr'>from</span> <span class='ocrx_word' id='word_1_372' title='bbox 1339 2972 1400 3008; x_wconf 86' lang='lat' dir='ltr'>us,</span> <span class='ocrx_word' id='word_1_373' title='bbox 1419 2972 1521 3011; x_wconf 90' lang='lat' dir='ltr'>your</span> <span class='ocrx_word' id='word_1_374' title='bbox 1539 2959 1896 3010; x_wconf 83' lang='lat' dir='ltr'>contemporaries.</span> 
     </span>
    </p>

    <p class='ocr_par' dir='ltr' id='par_1_12' title="bbox 173 3011 2171 3066">
     <span class='ocr_line' id='line_1_36' title="bbox 173 3011 2171 3066; baseline 0.001 -15"><span class='ocrx_word' id='word_1_375' title='bbox 173 3024 280 3061; x_wconf 88' lang='lat' dir='ltr'>ness,</span> <span class='ocrx_word' id='word_1_376' title='bbox 310 3012 390 3052; x_wconf 88' lang='lat' dir='ltr'>and</span> <span class='ocrx_word' id='word_1_377' title='bbox 421 3011 526 3052; x_wconf 91' lang='lat' dir='ltr'>later</span> <span class='ocrx_word' id='word_1_378' title='bbox 556 3012 591 3051; x_wconf 86' lang='lat' dir='ltr'>it</span> <span class='ocrx_word' id='word_1_379' title='bbox 618 3013 730 3063; x_wconf 87' lang='lat' dir='ltr'>quite</span> <span class='ocrx_word' id='word_1_380' title='bbox 754 3031 789 3045; x_wconf 92' lang='lat'>=</span> <span class='ocrx_word' id='word_1_381' title='bbox 810 3013 1001 3065; x_wconf 23' lang='lat' dir='ltr'>morbus.-</span> <span class='ocrx_word' id='word_1_382' title='bbox 1044 3014 1123 3066; x_wconf 89' lang='lat' dir='ltr'>Cp.</span> <span class='ocrx_word' id='word_1_383' title='bbox 1265 3016 1535 3059; x_wconf 72' lang='lat' dir='ltr'>malignitas</span> <span class='ocrx_word' id='word_1_384' title='bbox 1556 3017 1603 3052; x_wconf 82' lang='lat' dir='ltr'>et</span> <span class='ocrx_word' id='word_1_385' title='bbox 1622 3015 1818 3053; x_wconf 85' lang='lat' dir='ltr'>invidia.</span> <span class='ocrx_word' id='word_1_386' title='bbox 1877 3013 1934 3053; x_wconf 91' lang='lat' dir='ltr'>So</span> <span class='ocrx_word' id='word_1_387' title='bbox 1953 3015 1966 3035; x_wconf 84' lang='lat'>‘</span> <span class='ocrx_word' id='word_1_388' title='bbox 1981 3013 2171 3066; x_wconf 88' lang='lat' dir='ltr'>maligni-</span> 
     </span>
    </p>

    <p class='ocr_par' dir='ltr' id='par_1_13' title="bbox 175 3065 1819 3119">
     <span class='ocr_line' id='line_1_37' title="bbox 175 3065 1819 3119; baseline 0.001 -15"><span class='ocrx_word' id='word_1_389' title='bbox 175 3065 318 3116; x_wconf 89' lang='lat' dir='ltr'>Quint.</span> <span class='ocrx_word' id='word_1_390' title='bbox 338 3066 408 3105; x_wconf 89' lang='lat' dir='ltr'>xii.</span> <span class='ocrx_word' id='word_1_391' title='bbox 433 3077 496 3114; x_wconf 92' lang='lat'>10,</span> <span class='ocrx_word' id='word_1_392' title='bbox 520 3076 567 3117; x_wconf 91' lang='lat'>15</span> <span class='ocrx_word' id='word_1_393' title='bbox 597 3066 642 3105; x_wconf 89' lang='lat' dir='ltr'>hi</span> <span class='ocrx_word' id='word_1_394' title='bbox 660 3071 752 3106; x_wconf 89' lang='lat' dir='ltr'>sunt</span> <span class='ocrx_word' id='word_1_395' title='bbox 779 3067 849 3119; x_wconf 89' lang='lat' dir='ltr'>qui</span> <span class='ocrx_word' id='word_1_396' title='bbox 875 3080 972 3106; x_wconf 91' lang='lat' dir='ltr'>suae</span> <span class='ocrx_word' id='word_1_397' title='bbox 999 3068 1126 3108; x_wconf 84' lang='lat' dir='ltr'>imbe-</span> <span class='ocrx_word' id='word_1_398' title='bbox 1210 3072 1294 3106; x_wconf 87' lang='lat' dir='ltr'>tate</span> <span class='ocrx_word' id='word_1_399' title='bbox 1309 3074 1349 3107; x_wconf 92' lang='lat' dir='ltr'>et</span> <span class='ocrx_word' id='word_1_400' title='bbox 1368 3067 1524 3112; x_wconf 89' lang='lat' dir='ltr'>livore,&#39;</span> <span class='ocrx_word' id='word_1_401' title='bbox 1543 3067 1642 3118; x_wconf 88' lang='lat' dir='ltr'>Agr.</span> <span class='ocrx_word' id='word_1_402' title='bbox 1664 3067 1733 3106; x_wconf 90' lang='lat' dir='ltr'>xli.</span> <span class='ocrx_word' id='word_1_403' title='bbox 1758 3076 1819 3119; x_wconf 86' lang='lat'>17.</span> 
     </span>
    </p>

    <p class='ocr_par' dir='ltr' id='par_1_14' title="bbox 175 3119 2168 3174">
     <span class='ocr_line' id='line_1_38' title="bbox 175 3119 2168 3174; baseline 0.001 -16"><span class='ocrx_word' id='word_1_404' title='bbox 175 3119 341 3159; x_wconf 85' lang='lat' dir='ltr'>ciuitati</span> <span class='ocrx_word' id='word_1_405' title='bbox 369 3119 552 3159; x_wconf 85' lang='lat' dir='ltr'>sanitatis</span> <span class='ocrx_word' id='word_1_406' title='bbox 578 3119 911 3172; x_wconf 88' lang='lat' dir='ltr'>appellationem,</span> <span class='ocrx_word' id='word_1_407' title='bbox 935 3133 1040 3174; x_wconf 92' lang='lat' dir='ltr'>quae</span> <span class='ocrx_word' id='word_1_408' title='bbox 1068 3126 1129 3161; x_wconf 84' lang='lat' dir='ltr'>est</span> <span class='ocrx_word' id='word_1_409' title='bbox 1267 3124 1351 3160; x_wconf 85' lang='lat' dir='ltr'>Ch.</span> <span class='ocrx_word' id='word_1_410' title='bbox 1364 3124 1437 3161; x_wconf 85' lang='lat'>24.</span> <span class='ocrx_word' id='word_1_411' title='bbox 1461 3122 1684 3160; x_wconf 83' lang='lat' dir='ltr'>Maternus</span> <span class='ocrx_word' id='word_1_412' title='bbox 1695 3127 1850 3174; x_wconf 82' lang='lat' dir='ltr'>repeats</span> <span class='ocrx_word' id='word_1_413' title='bbox 1862 3120 1928 3161; x_wconf 75' lang='lat' dir='ltr'>the</span> <span class='ocrx_word' id='word_1_414' title='bbox 1941 3121 2168 3160; x_wconf 81' lang='lat' dir='ltr'>invitation</span> 
     </span>
    </p>

    <p class='ocr_par' dir='ltr' id='par_1_15' title="bbox 175 3174 2168 3281">
     <span class='ocr_line' id='line_1_39' title="bbox 175 3174 2168 3228; baseline 0.001 -15"><span class='ocrx_word' id='word_1_415' title='bbox 175 3174 353 3213; x_wconf 85' lang='lat' dir='ltr'>maxime</span> <span class='ocrx_word' id='word_1_416' title='bbox 372 3174 588 3222; x_wconf 87' lang='lat' dir='ltr'>contraria,</span> <span class='ocrx_word' id='word_1_417' title='bbox 609 3174 845 3214; x_wconf 91' lang='lat' dir='ltr'>obtendunt.</span> <span class='ocrx_word' id='word_1_418' title='bbox 1211 3181 1251 3215; x_wconf 89' lang='lat' dir='ltr'>to</span> <span class='ocrx_word' id='word_1_419' title='bbox 1269 3175 1467 3225; x_wconf 85' lang='lat' dir='ltr'>Messalla</span> <span class='ocrx_word' id='word_1_420' title='bbox 1487 3179 1525 3214; x_wconf 92' lang='lat' dir='ltr'>to</span> <span class='ocrx_word' id='word_1_421' title='bbox 1549 3180 1609 3214; x_wconf 88' lang='lat' dir='ltr'>set</span> <span class='ocrx_word' id='word_1_422' title='bbox 1619 3174 1746 3227; x_wconf 75' lang='lat' dir='ltr'>sortlc</span> <span class='ocrx_word' id='word_1_423' title='bbox 1773 3175 1842 3215; x_wconf 71' lang='lat' dir='ltr'>tlte</span> <span class='ocrx_word' id='word_1_424' title='bbox 1869 3188 2007 3215; x_wconf 83' lang='lat' dir='ltr'>causes</span> <span class='ocrx_word' id='word_1_425' title='bbox 2033 3176 2084 3228; x_wconf 87' lang='lat' dir='ltr'>of</span> <span class='ocrx_word' id='word_1_426' title='bbox 2101 3176 2168 3216; x_wconf 82' lang='lat' dir='ltr'>tlze</span> 
     </span>
     <span class='ocr_line' id='line_1_40' title="bbox 234 3226 1658 3281; baseline 0.001 -15"><span class='ocrx_word' id='word_1_427' title='bbox 234 3238 298 3268; x_wconf 84' lang='lat'>21.</span> <span class='ocrx_word' id='word_1_428' title='bbox 327 3240 560 3276; x_wconf 82' lang='lat' dir='ltr'>sensuum,</span> <span class='ocrx_word' id='word_1_429' title='bbox 581 3228 676 3268; x_wconf 90' lang='lat' dir='ltr'>here</span> <span class='ocrx_word' id='word_1_430' title='bbox 694 3228 741 3268; x_wconf 92' lang='lat' dir='ltr'>of</span> <span class='ocrx_word' id='word_1_431' title='bbox 758 3228 950 3281; x_wconf 87' lang='lat' dir='ltr'>thought.</span> <span class='ocrx_word' id='word_1_432' title='bbox 979 3228 1055 3270; x_wconf 91' lang='lat' dir='ltr'>See</span> <span class='ocrx_word' id='word_1_433' title='bbox 1074 3242 1128 3269; x_wconf 92' lang='lat' dir='ltr'>on</span> <span class='ocrx_word' id='word_1_434' title='bbox 1210 3228 1365 3269; x_wconf 87' lang='lat' dir='ltr'>decline</span> <span class='ocrx_word' id='word_1_435' title='bbox 1383 3226 1658 3281; x_wconf 83' lang='lat' dir='ltr'>ofeloquence.</span> 
     </span>
    </p>

    <p class='ocr_par' dir='ltr' id='par_1_16' title="bbox 175 3280 2172 3433">
     <span class='ocr_line' id='line_1_41' title="bbox 175 3280 2172 3335; baseline 0.001 -13"><span class='ocrx_word' id='word_1_436' title='bbox 175 3282 242 3322; x_wconf 87' lang='lat'>20.</span> <span class='ocrx_word' id='word_1_437' title='bbox 267 3280 330 3323; x_wconf 88' lang='lat'>16.</span> <span class='ocrx_word' id='word_1_438' title='bbox 377 3282 456 3335; x_wconf 92' lang='lat' dir='ltr'>Cp.</span> <span class='ocrx_word' id='word_1_439' title='bbox 473 3282 724 3334; x_wconf 88' lang='lat' dir='ltr'>throughout</span> <span class='ocrx_word' id='word_1_440' title='bbox 743 3282 888 3334; x_wconf 91' lang='lat' dir='ltr'>Quint.</span> <span class='ocrx_word' id='word_1_441' title='bbox 907 3296 948 3325; x_wconf 89' lang='lat' dir='ltr'>x.</span> <span class='ocrx_word' id='word_1_442' title='bbox 968 3294 1003 3332; x_wconf 94' lang='lat'>1,</span> <span class='ocrx_word' id='word_1_443' title='bbox 1023 3295 1113 3324; x_wconf 90' lang='lat'>120.</span> <span class='ocrx_word' id='word_1_444' title='bbox 1272 3294 1306 3322; x_wconf 94' lang='lat'>1.</span> <span class='ocrx_word' id='word_1_445' title='bbox 1352 3286 1732 3332; x_wconf 82' lang='lat' dir='ltr'>Adgnoscitisne,</span> <span class='ocrx_word' id='word_1_446' title='bbox 1773 3283 1815 3323; x_wconf 90' lang='lat' dir='ltr'>in</span> <span class='ocrx_word' id='word_1_447' title='bbox 1858 3283 1929 3323; x_wconf 89' lang='lat' dir='ltr'>the</span> <span class='ocrx_word' id='word_1_448' title='bbox 1969 3296 2085 3324; x_wconf 84' lang='lat' dir='ltr'>sense</span> <span class='ocrx_word' id='word_1_449' title='bbox 2124 3284 2172 3324; x_wconf 88' lang='lat' dir='ltr'>of</span> 
     </span>
     <span class='ocr_line' id='line_1_42' title="bbox 229 3336 2162 3391; baseline 0.002 -16"><span class='ocrx_word' id='word_1_450' title='bbox 229 3338 432 3376; x_wconf 82' lang='lat' dir='ltr'>nitorem</span> <span class='ocrx_word' id='word_1_451' title='bbox 450 3341 497 3376; x_wconf 79' lang='lat' dir='ltr'>et</span> <span class='ocrx_word' id='word_1_452' title='bbox 515 3339 708 3378; x_wconf 77' lang='lat' dir='ltr'>cultum.</span> <span class='ocrx_word' id='word_1_453' title='bbox 764 3337 840 3378; x_wconf 89' lang='lat' dir='ltr'>See</span> <span class='ocrx_word' id='word_1_454' title='bbox 859 3350 913 3377; x_wconf 90' lang='lat' dir='ltr'>on</span> <span class='ocrx_word' id='word_1_455' title='bbox 932 3339 997 3378; x_wconf 83' lang='lat'>20.</span> <span class='ocrx_word' id='word_1_456' title='bbox 1019 3337 1057 3379; x_wconf 94' lang='lat'>6.</span> <span class='ocrx_word' id='word_1_457' title='bbox 1213 3339 1224 3359; x_wconf 91' lang='lat'>‘</span> <span class='ocrx_word' id='word_1_458' title='bbox 1239 3337 1376 3378; x_wconf 91' lang='lat' dir='ltr'>There</span> <span class='ocrx_word' id='word_1_459' title='bbox 1404 3351 1485 3390; x_wconf 92' lang='lat' dir='ltr'>you</span> <span class='ocrx_word' id='word_1_460' title='bbox 1512 3338 1616 3377; x_wconf 90' lang='lat' dir='ltr'>have</span> <span class='ocrx_word' id='word_1_461' title='bbox 1644 3339 1677 3377; x_wconf 90' lang='lat' dir='ltr'>it</span> <span class='ocrx_word' id='word_1_462' title='bbox 1700 3339 1823 3389; x_wconf 85' lang='lat' dir='ltr'>again</span> <span class='ocrx_word' id='word_1_463' title='bbox 1840 3341 1847 3378; x_wconf 79' lang='lat' dir='ltr'>l</span> <span class='ocrx_word' id='word_1_464' title='bbox 1863 3336 1873 3354; x_wconf 90' lang='lat'>’</span> <span class='ocrx_word' id='word_1_465' title='bbox 1949 3338 2028 3391; x_wconf 87' lang='lat' dir='ltr'>Cp.</span> <span class='ocrx_word' id='word_1_466' title='bbox 2055 3340 2118 3379; x_wconf 89' lang='lat'>11.</span> <span class='ocrx_word' id='word_1_467' title='bbox 2145 3350 2162 3378; x_wconf 93' lang='lat'>1</span> 
     </span>
     <span class='ocr_line' id='line_1_43' title="bbox 233 3391 1926 3433; baseline 0.002 -4"><span class='ocrx_word' id='word_1_468' title='bbox 233 3402 295 3430; x_wconf 87' lang='lat'>22.</span> <span class='ocrx_word' id='word_1_469' title='bbox 342 3393 645 3432; x_wconf 82' lang='lat' dir='ltr'>inventionis.</span> <span class='ocrx_word' id='word_1_470' title='bbox 719 3391 839 3432; x_wconf 85' lang='lat' dir='ltr'>After</span> <span class='ocrx_word' id='word_1_471' title='bbox 884 3392 1018 3432; x_wconf 88' lang='lat' dir='ltr'>electio</span> <span class='ocrx_word' id='word_1_472' title='bbox 1063 3405 1126 3432; x_wconf 89' lang='lat' dir='ltr'>we</span> <span class='ocrx_word' id='word_1_473' title='bbox 1211 3393 1344 3433; x_wconf 88' lang='lat' dir='ltr'>acrius</span> <span class='ocrx_word' id='word_1_474' title='bbox 1363 3397 1408 3431; x_wconf 92' lang='lat' dir='ltr'>ut</span> <span class='ocrx_word' id='word_1_475' title='bbox 1426 3392 1587 3432; x_wconf 89' lang='lat' dir='ltr'>solebat</span> <span class='ocrx_word' id='word_1_476' title='bbox 1606 3398 1646 3432; x_wconf 89' lang='lat' dir='ltr'>et</span> <span class='ocrx_word' id='word_1_477' title='bbox 1664 3393 1822 3431; x_wconf 87' lang='lat' dir='ltr'>intento</span> <span class='ocrx_word' id='word_1_478' title='bbox 1844 3405 1926 3432; x_wconf 92' lang='lat' dir='ltr'>ore.</span> 
     </span>
    </p>

    <p class='ocr_par' dir='ltr' id='par_1_17' title="bbox 175 3443 2167 3500">
     <span class='ocr_line' id='line_1_44' title="bbox 175 3443 2167 3500; baseline 0.003 -17"><span class='ocrx_word' id='word_1_479' title='bbox 175 3443 324 3484; x_wconf 88' lang='lat' dir='ltr'>should</span> <span class='ocrx_word' id='word_1_480' title='bbox 341 3445 446 3485; x_wconf 88' lang='lat' dir='ltr'>have</span> <span class='ocrx_word' id='word_1_481' title='bbox 462 3445 657 3497; x_wconf 87' lang='lat' dir='ltr'>expected</span> <span class='ocrx_word' id='word_1_482' title='bbox 675 3446 810 3487; x_wconf 90' lang='lat' dir='ltr'>rather</span> <span class='ocrx_word' id='word_1_483' title='bbox 829 3446 1095 3486; x_wconf 86' lang='lat' dir='ltr'>inventorum</span> <span class='ocrx_word' id='word_1_484' title='bbox 1115 3460 1124 3487; x_wconf 72' lang='grc' dir='ltr'><strong><em>ε</em></strong></span> <span class='ocrx_word' id='word_1_485' title='bbox 1268 3459 1303 3487; x_wconf 90' lang='grc'>2.</span> <span class='ocrx_word' id='word_1_486' title='bbox 1334 3451 1556 3495; x_wconf 85' lang='lat' dir='ltr'>torrente,</span> <span class='ocrx_word' id='word_1_487' title='bbox 1587 3446 1747 3497; x_wconf 89' lang='lat' dir='ltr'>usually</span> <span class='ocrx_word' id='word_1_488' title='bbox 1774 3446 1875 3486; x_wconf 90' lang='lat' dir='ltr'>with</span> <span class='ocrx_word' id='word_1_489' title='bbox 1903 3459 1929 3486; x_wconf 91' lang='lat' dir='ltr'>a</span> <span class='ocrx_word' id='word_1_490' title='bbox 1958 3447 2137 3500; x_wconf 90' lang='lat' dir='ltr'>genitive</span> <span class='ocrx_word' id='word_1_491' title='bbox 2156 3460 2167 3488; x_wconf 88' lang='lat'>:</span> 
     </span>
    </p>
   </div>
   <div class='ocr_carea' id='block_1_8' title="bbox 175 3499 2167 3718">
    <p class='ocr_par' dir='ltr' id='par_1_18' title="bbox 175 3499 2165 3662">
     <span class='ocr_line' id='line_1_45' title="bbox 175 3499 2165 3553; baseline 0.002 -15"><span class='ocrx_word' id='word_1_492' title='bbox 175 3506 224 3538; x_wconf 92' lang='lat' dir='ltr'>tr.</span> <span class='ocrx_word' id='word_1_493' title='bbox 259 3500 329 3538; x_wconf 87' lang='lat' dir='ltr'>‘so</span> <span class='ocrx_word' id='word_1_494' title='bbox 362 3499 688 3552; x_wconf 88' lang='lat' dir='ltr'>discriminating</span> <span class='ocrx_word' id='word_1_495' title='bbox 719 3501 763 3540; x_wconf 89' lang='lat' dir='ltr'>in</span> <span class='ocrx_word' id='word_1_496' title='bbox 800 3501 870 3541; x_wconf 91' lang='lat' dir='ltr'>the</span> <span class='ocrx_word' id='word_1_497' title='bbox 902 3501 1044 3542; x_wconf 90' lang='lat' dir='ltr'>choice</span> <span class='ocrx_word' id='word_1_498' title='bbox 1084 3502 1133 3541; x_wconf 91' lang='lat' dir='ltr'>of</span> <span class='ocrx_word' id='word_1_499' title='bbox 1210 3514 1292 3553; x_wconf 89' lang='lat' dir='ltr'>e.g.</span> <span class='ocrx_word' id='word_1_500' title='bbox 1317 3502 1455 3552; x_wconf 90' lang='lat' dir='ltr'>Quint.</span> <span class='ocrx_word' id='word_1_501' title='bbox 1471 3514 1511 3541; x_wconf 79' lang='grc' dir='ltr'>Χ.</span> <span class='ocrx_word' id='word_1_502' title='bbox 1533 3509 1568 3550; x_wconf 88' lang='grc'>7,</span> <span class='ocrx_word' id='word_1_503' title='bbox 1584 3502 1755 3551; x_wconf 84' lang='lat' dir='ltr'>23inani</span> <span class='ocrx_word' id='word_1_504' title='bbox 1768 3502 1982 3541; x_wconf 88' lang='lat' dir='ltr'>verborum</span> <span class='ocrx_word' id='word_1_505' title='bbox 1997 3504 2165 3542; x_wconf 89' lang='lat' dir='ltr'>torrenti</span> 
     </span>
     <span class='ocr_line' id='line_1_46' title="bbox 177 3551 2165 3608; baseline 0.004 -17"><span class='ocrx_word' id='word_1_506' title='bbox 177 3551 390 3593; x_wconf 65' lang='lat' dir='ltr'>material?</span> <span class='ocrx_word' id='word_1_507' title='bbox 446 3553 580 3606; x_wconf 88' lang='lat' dir='ltr'>Apart</span> <span class='ocrx_word' id='word_1_508' title='bbox 607 3553 714 3594; x_wconf 90' lang='lat' dir='ltr'>from</span> <span class='ocrx_word' id='word_1_509' title='bbox 742 3554 812 3596; x_wconf 90' lang='lat' dir='ltr'>the</span> <span class='ocrx_word' id='word_1_510' title='bbox 840 3555 922 3596; x_wconf 83' lang='lat' dir='ltr'>fact</span> <span class='ocrx_word' id='word_1_511' title='bbox 946 3556 1035 3596; x_wconf 89' lang='lat' dir='ltr'>that</span> <span class='ocrx_word' id='word_1_512' title='bbox 1060 3556 1125 3595; x_wconf 89' lang='lat' dir='ltr'>in·</span> <span class='ocrx_word' id='word_1_513' title='bbox 1208 3568 1252 3595; x_wconf 90' lang='lat' dir='ltr'>se</span> <span class='ocrx_word' id='word_1_514' title='bbox 1269 3556 1379 3595; x_wconf 92' lang='lat' dir='ltr'>dare.</span> <span class='ocrx_word' id='word_1_515' title='bbox 1426 3555 1517 3608; x_wconf 82' lang='lat' dir='ltr'>.Cp.</span> <span class='ocrx_word' id='word_1_516' title='bbox 1538 3556 1625 3596; x_wconf 87' lang='lat' dir='ltr'>Cic.</span> <span class='ocrx_word' id='word_1_517' title='bbox 1639 3555 1690 3595; x_wconf 91' lang='lat' dir='ltr'>de</span> <span class='ocrx_word' id='word_1_518' title='bbox 1704 3555 1792 3597; x_wconf 89' lang='lat' dir='ltr'>Fin.</span> <span class='ocrx_word' id='word_1_519' title='bbox 1809 3555 1850 3595; x_wconf 94' lang='lat' dir='ltr'>ii.</span> <span class='ocrx_word' id='word_1_520' title='bbox 1871 3567 1907 3606; x_wconf 92' lang='lat'>1,</span> <span class='ocrx_word' id='word_1_521' title='bbox 1929 3567 1952 3607; x_wconf 84' lang='lat'>3</span> <span class='ocrx_word' id='word_1_522' title='bbox 1973 3569 2067 3597; x_wconf 89' lang='lat' dir='ltr'>cum</span> <span class='ocrx_word' id='word_1_523' title='bbox 2088 3586 2099 3597; x_wconf 97' lang='lat'>.</span> <span class='ocrx_word' id='word_1_524' title='bbox 2121 3587 2131 3597; x_wconf 91' lang='lat'>.</span> <span class='ocrx_word' id='word_1_525' title='bbox 2154 3587 2165 3598; x_wconf 89' lang='lat'>.</span> 
     </span>
     <span class='ocr_line' id='line_1_47' title="bbox 175 3607 2071 3662; baseline 0.003 -16"><span class='ocrx_word' id='word_1_526' title='bbox 175 3607 312 3647; x_wconf 75' lang='lat' dir='ltr'>ventio</span> <span class='ocrx_word' id='word_1_527' title='bbox 330 3607 365 3646; x_wconf 92' lang='lat' dir='ltr'>is</span> <span class='ocrx_word' id='word_1_528' title='bbox 384 3620 409 3646; x_wconf 91' lang='lat' dir='ltr'>a</span> <span class='ocrx_word' id='word_1_529' title='bbox 426 3608 625 3648; x_wconf 89' lang='lat' dir='ltr'>technical</span> <span class='ocrx_word' id='word_1_530' title='bbox 644 3613 761 3657; x_wconf 91' lang='lat' dir='ltr'>term,</span> <span class='ocrx_word' id='word_1_531' title='bbox 790 3610 902 3650; x_wconf 90' lang='lat' dir='ltr'>there</span> <span class='ocrx_word' id='word_1_532' title='bbox 931 3610 966 3650; x_wconf 89' lang='lat' dir='ltr'>is</span> <span class='ocrx_word' id='word_1_533' title='bbox 993 3623 1018 3649; x_wconf 91' lang='lat' dir='ltr'>a</span> <span class='ocrx_word' id='word_1_534' title='bbox 1047 3611 1126 3649; x_wconf 91' lang='lat' dir='ltr'>dis·</span> <span class='ocrx_word' id='word_1_535' title='bbox 1210 3610 1335 3651; x_wconf 70' lang='lat' dir='ltr'>fertur</span> <span class='ocrx_word' id='word_1_536' title='bbox 1353 3610 1470 3662; x_wconf 86' lang='lat' dir='ltr'>quasi</span> <span class='ocrx_word' id='word_1_537' title='bbox 1489 3616 1646 3650; x_wconf 90' lang='lat' dir='ltr'>torrens</span> <span class='ocrx_word' id='word_1_538' title='bbox 1665 3610 1809 3650; x_wconf 89' lang='lat' dir='ltr'>oratio.</span> <span class='ocrx_word' id='word_1_539' title='bbox 2064 3634 2071 3640; x_wconf 90' lang='lat'><em>-</em></span> 
     </span>
    </p>

    <p class='ocr_par' dir='ltr' id='par_1_19' title="bbox 175 3660 2167 3718">
     <span class='ocr_line' id='line_1_48' title="bbox 175 3660 2167 3718; baseline 0.003 -18"><span class='ocrx_word' id='word_1_540' title='bbox 175 3660 277 3701; x_wconf 88' lang='lat' dir='ltr'>tinet</span> <span class='ocrx_word' id='word_1_541' title='bbox 301 3661 500 3715; x_wconf 88' lang='lat' dir='ltr'>tendency</span> <span class='ocrx_word' id='word_1_542' title='bbox 519 3675 571 3702; x_wconf 94' lang='lat' dir='ltr'>on</span> <span class='ocrx_word' id='word_1_543' title='bbox 591 3663 660 3703; x_wconf 87' lang='lat' dir='ltr'>the</span> <span class='ocrx_word' id='word_1_544' title='bbox 678 3670 768 3716; x_wconf 90' lang='lat' dir='ltr'>part</span> <span class='ocrx_word' id='word_1_545' title='bbox 795 3664 842 3704; x_wconf 80' lang='lat' dir='ltr'>of</span> <span class='ocrx_word' id='word_1_546' title='bbox 863 3663 934 3704; x_wconf 91' lang='lat' dir='ltr'>the</span> <span class='ocrx_word' id='word_1_547' title='bbox 959 3665 1127 3705; x_wconf 88' lang='lat' dir='ltr'>authors</span> <span class='ocrx_word' id='word_1_548' title='bbox 1265 3677 1303 3716; x_wconf 90' lang='lat'>4.</span> <span class='ocrx_word' id='word_1_549' title='bbox 1334 3667 1527 3712; x_wconf 76' lang='lat' dir='ltr'>ingenio</span> <span class='ocrx_word' id='word_1_550' title='bbox 1555 3677 1608 3705; x_wconf 79' lang='lat' dir='ltr'>ae</span> <span class='ocrx_word' id='word_1_551' title='bbox 1637 3667 1820 3711; x_wconf 72' lang='lat' dir='ltr'>spiritu.</span> <span class='ocrx_word' id='word_1_552' title='bbox 1877 3664 1967 3706; x_wconf 88' lang='lat' dir='ltr'>The</span> <span class='ocrx_word' id='word_1_553' title='bbox 1996 3678 2167 3718; x_wconf 82' lang='lat' dir='ltr'>zeugma</span> 
     </span>
    </p>
   </div>
   <div class='ocr_carea' id='block_1_9' title="bbox 1146 3751 1181 3792">
    <p class='ocr_par' dir='ltr' id='par_1_20' title="bbox 1146 3751 1181 3792">
     <span class='ocr_line' id='line_1_49' title="bbox 1146 3751 1181 3792; baseline 0 0"><span class='ocrx_word' id='word_1_554' title='bbox 1146 3751 1181 3792; x_wconf 93' lang='lat' dir='ltr'><strong>F</strong></span> 
     </span>
    </p>
   </div>
   <div class='ocr_carea' id='block_1_10' title="bbox 2204 510 2250 552">
    <p class='ocr_par' dir='ltr' id='par_1_21' title="bbox 2204 510 2250 552">
     <span class='ocr_line' id='line_1_50' title="bbox 2204 510 2250 552; baseline 0 0"><span class='ocrx_word' id='word_1_555' title='bbox 2204 510 2250 552; x_wconf 82' lang='lat'>15</span> 
     </span>
    </p>
   </div>
   <div class='ocr_carea' id='block_1_11' title="bbox 2203 969 2252 996">
    <p class='ocr_par' dir='ltr' id='par_1_22' title="bbox 2203 969 2252 996">
     <span class='ocr_line' id='line_1_51' title="bbox 2203 969 2252 996; baseline 0 0"><span class='ocrx_word' id='word_1_556' title='bbox 2203 969 2252 996; x_wconf 82' lang='lat'>20</span> 
     </span>
    </p>
   </div>
  </div>
 </body>
</html>
