2384 4126
876 273 1324 326 'BIBLIOGRA
1333 275 1508 324 PHI'.
2117 272 2209 323 xci

209 413 729 456 ScuszKENBECHER:
782 413 872 463 Quo
908 425 1022 454 anno
1057 413 1268 466 Dialogus
1305 414 1354 454 de
1394 412 1640 454 Oratoribus
1676 391 1844 453 habitus
1879 413 1937 453 sit
1978 414 2211 466 quaeritur.

315 477 509 532 Spottau‚
533 477 650 518 1886.

58 547 65 582 '-
86 607 91 609 .
124 535 125 538 Ἴ
209 553 388 594 WUTK:
417 553 648 605 Dialogum
667 565 695 591 a
717 552 858 592 Tacito
880 553 1066 592 Traiani
1081 553 1331 606 temporibus
1347 553 1548 606 scriptum
1562 566 1641 593 esse
1659 552 1969 594 demonstravit.
2000 552 2209 606 Spandau‚

324 617 442 670 1887.

209 702 429 743 REUTER:
454 702 522 742 De
545 701 817 752 Quintiliani
833 702 961 742 Libro
980 703 1059 755 qui
1070 702 1175 755 fuit
1190 703 1238 743 de
1257 703 1394 743 causis
1419 706 1635 756 corruptae
1660 703 1912 756 eloquentiae
1934 702 2024 755 (pp.
2044 701 2211 754 56-63).

319 767 505 818 Breshu,
527 767 646 819 1887.

210 853 434 894 PHILIPP:
474 852 651 904 Dialogi
685 852 729 892 T
721 851 876 892 acitini
907 852 990 906 qui
1003 853 1159 906 fertur
1190 853 1238 894 de
1270 853 1504 893 oratoribus
1540 866 1646 906 quae
1675 852 1866 905 genuina
1889 851 2035 905 fuerit
2050 852 2212 905 forma.

320 917 496 968 Vienna,
519 918 636 968 1887.

211 1002 404 1044 HABBE:
432 1002 502 1043 De
518 1001 698 1055 Dialogi
713 1002 761 1043 de
783 1002 1026 1043 Oratoribus
1051 1003 1130 1056 qui
1154 1003 1294 1043 Taciti
1308 1015 1386 1043 esse
1412 1002 1684 1043 existimatur
1701 1002 1798 1043 locis
1821 1002 1976 1042 duobus
1996 1002 2214 1043 lacunosis.

211 1065 464 1186 ,Ῐοῌξξῃείἓ
475 1066 602 1172 1132&
621 1131 764 1184 Jahrb.
781 1131 809 1172 f.
829 1131 1067 1185 Philologie
1085 1131 1171 1172 und
1189 1131 1473 1185 Paedagokik,
1493 1132 1578 1173 vol.
1599 1130 1775 1172 cxxxvii.
1795 1145 1866 1185 pp.
1888 1131 2036 1183 572—6,
2059 1131 2176 1172 1888.

211 1207 456 1248 LEVEGHI:
486 1206 774 1260 Disposizione
792 1220 812 1247 e
830 1206 977 1247 critica
995 1206 1064 1247 del
1078 1207 1287 1260 Dialogus
1305 1208 1353 1248 de
1376 1208 1636 1248 Oratoribus.
1695 1207 1863 1256 Trento,
1889 1208 2007 1259 1890.

213 1283 412 1324 NOVAK:
441 1282 626 1325 Muza-li
662 1282 831 1323 Tacitus
858 1281 1071 1336 pokldddn
1105 1278 1194 1336 bjti
1219 1296 1269 1323 za
1296 1283 1480 1336 pdvodce
1515 1283 1685 1336 dialogu
1721 1282 1768 1323 de
1800 1282 2064 1333 oratoribus?
2128 1282 2219 1322 also

243 1356 246 1357 ’
321 1347 538 1397 Molita-li,
573 1347 650 1399 aby
683 1347 754 1399 byl
780 1347 857 1388 kdo
876 1344 984 1401 jinfi
1010 1346 1275 1389 skladatelem
1305 1348 1474 1401 dialogu
1500 1348 1549 1389 de
1575 1347 1807 1388 oratoribus
1835 1349 1910 1388 nei
1939 1347 2186 1398 Quintilian
2200 1346 2220 1387 ,9

327 1413 445 1466 1890.

215 1487 590 1528 CZYCZKIEWICZ:
629 1487 697 1528 De
740 1488 783 1527 Τ
775 1486 900 1528 acitei
932 1486 1137 1527 sermonis
1163 1486 1494 1540 proprietatibus
1520 1487 1745 1539 praecipue
1777 1499 1882 1539 quae
1918 1485 1977 1526 ad
2000 1491 2219 1539 poetarum

321 1552 488 1593 dicendi
496 1556 631 1605 genus
639 1552 894 1605 pertineant.
951 1552 1103 1605 Brody,
1126 1553 1232 1605 1890
1252 1553 1334 1592 and
1354 1551 1457 1604 (2nd
1476 1553 1585 1604 part)
1610 1551 1726 1604 1891.

217 1625 512 1670 GUDEMAN¹2
555 1627 736 1668 Critical
768 1627 896 1668 Notes
931 1640 984 1668 on
1022 1627 1090 1668 tlte
1121 1627 1330 1680 Dialogue
1366 1628 1419 1680 of
1453 1627 1638 1668 Tacitus.
1707 1626 1930 1668 American
1968 1626 2141 1678 Journal
2180 1625 2229 1665 of

324 1691 564 1745 Philology,
582 1692 666 1734 vol.
686 1692 756 1732 xii.
776 1705 848 1746 pp.
873 1699 1076 1744 327—347‚
1097 1693 1181 1732 and
1199 1701 1404 1745 444-457.

218 1769 499 1810 BUCHHOLZ:
538 1767 1087 1820 Verbesserungworsclzlage
1106 1781 1203 1807 zum
1223 1768 1432 1820 Dialogus
1451 1767 1498 1809 de
1518 1767 1777 1808 Oratoribus.
1834 1766 1938 1814 Hof,
1962 1768 2080 1820 1891.

218 1844 464 1885 SCHEUER:
494 1843 561 1884 De
588 1844 631 1883 T
625 1843 750 1884 acitei
765 1843 814 1884 de
836 1843 1084 1884 Oratoribus
1102 1843 1283 1896 Dialogi
1298 1843 1481 1884 codicum
1501 1855 1615 1884 nexu
1635 1848 1675 1884 et
1676 1843 1781 1897 fide.
1840 1841 2025 1891 Breslau,
2049 1844 2168 1894 1891.
2222 1842 2226 1846 “

218 1918 446 1960 HELLER:
471 1918 669 1970 Beitragz
695 1931 777 1959 zur
803 1918 957 1960 Kritik
981 1918 1077 1959 und
1100 1918 1358 1971 Erklc‘irung
1381 1919 1457 1959 der
1491 1918 1768 1959 Taciteisclzen
1803 1918 1948 1959 Werke
1977 1916 2150 1970 (Philol.
2179 1916 2221 1957 li.

325 1997 397 2038 pp.
419 1982 643 2036 316—350)‚
667 1985 785 2037 1892.

221 2060 541 2102 HELMREICH:
561 2059 878 2114 Jahresbericlzt
895 2059 997 2102 iiber
1021 2060 1204 2108 Tacitus,
1227 2060 1410 2112 1890-91
1439 2057 1663 2113 (Bursian’s
1681 2058 1866 2113 Jahresb.
1886 2058 1998 2099 lxxii.
2024 2071 2094 2111 pp.
2121 2069 2226 2110 124-—

333 2123 447 2179 141),
470 2125 588 2178 1892.

275 2273 292 2298 ¹
320 2275 396 2316 Dr.
418 2273 638 2315 Gudeman
666 2274 870 2327 promises
897 2286 950 2314 an
978 2274 1202 2315 American
1221 2273 1380 2315 edition
1408 2274 1456 2314 of
1470 2273 1541 2314 the
1561 2273 1786 2327 Dialogue,
1806 2273 1877 2314 the
1905 2285 2159 2327 appearance
2184 2271 2233 2312 of

221 2328 359 2370 which
377 2328 468 2370 will
488 2329 540 2369 be
559 2328 759 2381 expected
777 2328 879 2369 with
898 2328 1076 2370 interest.
