2424 4166
226 253 297 309 90
882 239 1271 293 CORNELII
1305 241 1394 292 TA
1407 241 1492 295 CI
1495 242 1544 291 T
1534 234 1577 292 I

226 398 330 445 me,
356 381 490 435 dum
518 382 648 440 iuris
675 389 731 436 et
757 382 1143 452 philosophiae
1168 384 1455 437 scientiam
1493 392 1781 453 tamquam
1812 385 2018 439 oratori
2045 401 2234 440 neces«

223 475 426 527 sariam
454 476 632 541 laud0,
662 476 884 546 ineptiis
913 478 1052 530 meis
1078 475 1376 546 plausisse.'

298 573 402 627 33.
442 571 519 622 Et
542 571 825 624 Maternus
848 577 859 599 ‘
879 571 1020 623 Mihi
1046 571 1270 640 quidem
1289 569 1301 589 '
1329 572 1508 640 inquit
1533 574 1546 598 ‘
1563 580 1882 641 susceptum
1905 589 1938 623 a
1957 578 2013 625 te
2033 586 2236 623 munus
2410 587 2424 619 τι,

224 663 366 716 adeo
393 664 668 731 peregisse
693 665 941 717 nondum
967 665 1182 726 videris,
1210 672 1271 716 ut
1297 665 1586 718 incohasse
1611 672 1829 718 tantum
1855 674 1912 718 et
1935 665 2086 717 velut
2110 681 2233 716 ves-

224 757 360 824 tigia
399 774 463 810 ac
500 757 835 810 lineamenta
873 758 1148 825 quaedam
1187 758 1496 811 ostendisse
1525 758 1780 811 videariS.
1857 759 2005 810 Nam
2034 758 2233 825 quibus

223 850 436 902 artibus
467 850 658 901 instrui
684 858 897 903 veteres
923 858 1172 903 oratores
1206 851 1352 902 soliti
1379 851 1487 903 sint
1515 851 1723 914 dixisti,
1750 850 2234 917 differentiamque

179 964 202 1005 5
226 951 447 995 nostrae
473 943 720 995 desidiae
748 950 803 995 et
829 943 1146 996 inscientiae
1176 944 1440 996 adversus
1473 945 1737 996 acerrima
1763 954 1820 997 et
1845 943 2235 997 fecundissima
2415 945 2424 989 l

225 1053 415 1089 eorum
444 1037 629 1089 studia
655 1037 1049 1088 demonstrasti
1072 1055 1083 1087 :
1125 1044 1306 1088 cetera
1333 1044 1615 1105 exspectO,
1635 1044 1697 1088 ut
1722 1054 1888 1105 quem
1909 1037 1980 1088 ad
2003 1037 2233 1088 modum

225 1147 299 1182 ex
325 1137 381 1182 te
407 1130 574 1182 didici
594 1131 728 1198 quid
749 1138 847 1183 aut
867 1130 943 1181 illi
963 1130 1183 1183 scierint
1203 1137 1299 1182 aut
1320 1147 1423 1182 nos
1442 1131 1764 1193 nesciamuS,
1786 1131 1864 1182 ita
1882 1130 1988 1182 hoc
2008 1134 2232 1198 quoque

224 1239 574 1290 cognoscam,
600 1223 799 1291 quibus
827 1223 1319 1276 exercitationibus
1346 1224 1570 1276 iuvenes
1597 1224 1707 1276 iam
1736 1232 1793 1277 et
1817 1223 1998 1276 forum
2026 1225 2235 1292 ingres-⁶
2355 1289 2358 1292 ,
2411 1205 2424 1269 3

223 1317 335 1368 suri
381 1316 710 1370 confirmare
756 1326 812 1370 et
856 1317 1004 1370 alere
1041 1318 1260 1385 ingenia
1301 1335 1402 1370 sua
1447 1316 1592 1371 soliti
1636 1318 1757 1370 sint.
1835 1318 2037 1386 Neque
2086 1318 2235 1371 enim

148 1435 199 1463 10
225 1419 440 1463 tantum
463 1420 583 1464 arte
610 1419 665 1464 et
690 1411 931 1476 scientia,
952 1412 1052 1464 sed
1079 1410 1243 1478 longe
1270 1411 1450 1479 magis
1477 1410 1741 1463 facultate
1763 1418 1819 1463 et
1845 1428 1947 1464 usu
1973 1410 2236 1479 eloquen-

224 1506 360 1558 tiam
388 1505 671 1566 contineri,
693 1522 793 1557 nec
814 1512 874 1556 tu
896 1511 1032 1573 puto
1058 1506 1268 1558 abnues
1295 1512 1350 1557 et
1377 1505 1433 1556 hi
1450 1504 1759 1573 significare
1774 1504 1929 1557 vultu
1947 1500 2236 1556 videntur!

297 1599 514 1652 Deinde
541 1616 666 1652 cum
695 1599 853 1667 Aper
877 1615 1101 1667 quoque
1134 1606 1190 1651 et
1228 1598 1512 1651 Secundus
1543 1599 1691 1650 idem
1722 1599 2056 1661 adnuissent‚
2086 1598 2236 1651 Mes-

224 1693 359 1745 salla
396 1693 554 1761 quasi
587 1710 773 1745 rursus
812 1693 1112 1760 incipiens:
1153 1691 1468 1760 ‘Quoniam
1506 1693 1661 1744 initia
1699 1700 1755 1745 et
1793 1693 2005 1744 semina
2035 1691 2234 1744 veteris

224 1786 572 1855 eloqu'entiae
613 1787 751 1839 satis
792 1787 1199 1838 demonstrasse
1237 1786 1443 1850 videor,
1487 1786 1740 1838 docendo
1774 1786 1974 1853 quibus
2023 1786 2234 1838 artibus

149 1902 199 1943 15
223 1881 435 1949 antiqui
472 1888 718 1933 oratores
768 1880 978 1932 institui
1020 1879 1337 1947 erudirique
1382 1879 1533 1932 soliti
1578 1879 1704 1943 sint,
1746 1896 2045 1948 persequar
2088 1896 2233 1931 nunc

276 2018 348 2055 33.
384 2027 419 2054 2.
450 2013 657 2053 incohasse
675 2020 784 2054 most
799 2014 934 2063 codd,
957 2013 1164 2054 inchoasse
1184 2013 1313 2054 BDE.
1662 2026 1702 2065 4.
1730 2014 1894 2053 artibus
1914 2013 2010 2053 add.
2030 2013 2234 2066 Schopen.

225 2080 262 2120 5.
293 2069 538 2109 inscientiae
558 2068 792 2118 Rhenanus,
806 2068 1000 2108 scientiae
1021 2069 1142 2108 codd.

223 2123 531 2171 Schurzfleisch,
557 2124 711 2163 scirent
729 2124 851 2164 codd.

223 2246 305 2273 usu
339 2233 434 2274 add.
467 2233 687 2284 Tyrwhitt.

222 2300 304 2327 om.
323 2288 432 2337 EV2.

212 2348 440 2397 persequor
455 2342 591 2383 ADC.

280 2472 343 2512 32.
388 2463 514 2510 dum,
546 2460 651 2501 with
680 2460 750 2501 the
779 2460 902 2501 indic.
932 2460 975 2500 in
1008 2460 1185 2501 indirect

223 2515 383 2568 speech,
406 2529 451 2555 as
471 2516 581 2557 often
603 2517 645 2556 in
665 2516 735 2555 the
764 2515 978 2555 historical
998 2515 1185 2567 writings

224 2570 272 2610 of
306 2570 505 2611 Tacitus:
554 2572 628 2611 D‘.
670 2574 690 2618 ξ
729 2569 816 2610 168.
874 2570 946 2610 Tr.
996 2571 1043 2610 ‘I
1081 2571 1185 2610 have

225 2624 324 2677 only
343 2626 446 2664 been
464 2625 699 2676 eulogising
728 2654 738 2663 .
759 2654 769 2664 .
789 2655 799 2666 .
830 2625 873 2663 in
894 2624 1014 2664 order
1033 2633 1076 2664 to
1098 2637 1185 2677 cry-

222 2693 280 2731 up
301 2693 371 2731 my
388 2693 482 2719 own
502 2679 607 2720 little
626 2677 906 2719 weaknesses.'

282 2745 347 2784 33.
375 2736 575 2780 ineptiis
601 2737 716 2773 meis
746 2736 991 2783 plausisse,
1019 2733 1080 2774 lit.
1138 2733 1184 2772 ‘I

223 2788 329 2828 have
357 2788 460 2828 been
489 2788 745 2840 applauding
772 2800 843 2839 my
875 2801 968 2828 own
997 2793 1108 2828 want
1142 2787 1191 2828 of

225 2841 357 2883 tastess
415 2843 494 2895 Cp.
516 2843 604 2883 Cic.
636 2842 687 2882 de
716 2844 787 2883 Or.
817 2844 844 2883 i.
879 2847 899 2890 §
927 2854 999 2881 111
1032 2856 1083 2883 ne
1111 2843 1186 2882 has

224 2910 337 2937 meas
366 2897 543 2950 ineptias
571 2897 775 2938 efferatis:
816 2899 897 2937 and
921 2898 984 2937 for
1006 2897 1186 2950 ineptiae

225 2965 271 2992 as
300 2953 513 2992 ‘tasteless
545 2950 723 3000 fancies‚’
754 2953 810 2992 ib.
840 2954 883 2992 ii.
915 2955 935 3000 §
974 2954 1036 2992 18.
1095 2952 1188 2992 The

225 3006 348 3058 study
381 3006 430 3046 of
456 3007 539 3046 law
567 3006 650 3046 and
682 3007 937 3060 philosophy
965 3006 1105 3046 would
1135 3007 1187 3046 be

226 3061 465 3102 considered
482 3062 663 3114 ineptiae
679 3062 732 3114 by
752 3062 821 3102 the
839 3061 1029 3114 speakers
1048 3061 1188 3101 whom

226 3116 426 3155 Messalla
458 3117 494 3156 is
531 3116 766 3169 criticizing‚
803 3117 886 3156 and
923 3117 1019 3157 who
1050 3116 1134 3156 had
1163 3130 1190 3156 a

228 3174 238 3194 ‘
254 3171 463 3223 thorough
493 3169 657 3210 horror'
691 3175 703 3217 (
704 3172 877 3224 penitus
904 3170 1188 3224 reformident,

226 3225 377 3278 above)
399 3226 448 3265 of
461 3225 561 3266 such
579 3225 768 3277 subjects.

282 3283 355 3319 33.
388 3291 423 3320 2.
452 3283 631 3320 videris
652 3311 662 3320 .
683 3312 694 3322 .
717 3312 727 3322 .
758 3283 980 3322 videaris.
1038 3279 1114 3321 See
1135 3293 1189 3320 on

229 3336 293 3375 10.
317 3347 380 3386 24.
876 3354 878 3357 ·

285 3402 320 3441 5.
368 3391 608 3436 adversus,
647 3390 717 3429 ‘in
748 3395 926 3430 contrast
958 3388 1088 3438 with:
1119 3391 1189 3429 ‘as

228 3444 451 3495 compared
481 3442 630 3485 with':
680 3458 727 3484 so
758 3446 868 3486 Ann.
899 3445 970 3485 xii.
1009 3455 1073 3494 15,
1110 3455 1189 3493 123

227 3512 292 3538 xv.
318 3509 380 3550 19,
405 3509 452 3549 5:
482 3499 587 3550 Livy
605 3499 674 3539 vii.
691 3511 758 3549 32,
780 3500 817 3539 8.

284 3551 322 3591 6.
348 3558 501 3593 cetera
515 3559 750 3601 exspecto,
765 3558 843 3595 ut:
868 3556 878 3576 ‘
893 3553 914 3593 I
929 3553 1028 3594 wait
1043 3552 1105 3593 for
1118 3553 1189 3593 the

228 3606 381 3658 sequel,
403 3607 479 3647 viz.
500 3606 621 3656 that‚'
638 3611 713 3649 &c.
771 3609 850 3662 Cp.
870 3610 935 3649 26.
961 3619 1023 3659 23.

284 3662 323 3702 8.
355 3663 511 3701 forum
530 3665 790 3710 ingressuri
810 3682 847 3698 ε
870 3663 941 3717 qui
960 3663 1052 3705 foro
1070 3675 1188 3718 para·

1311 2076 1348 2120 7.
1380 2068 1630 2120 quidABD,
1645 2069 1755 2121 quod
1773 2069 2005 2117 EV2CAH.
2062 2069 2238 2108 scierint

1019 2123 1058 2163 8.
1088 2123 1325 2175 ingressuri
1342 2124 1530 2175 ABEV2,
1551 2123 1731 2174 ingressi
1750 2124 1838 2162 DH
1845 2124 1895 2171 V,
1919 2123 2129 2175 ingraessi
2144 2123 2233 2164 CA.

227 2190 289 2218 10.
319 2184 487 2218 tantum
509 2178 657 2228 Ritter,
675 2179 808 2218 solum
826 2177 1010 2228 Dronke,
1039 2177 1141 2217 dum
1165 2178 1286 2218 codd.

954 2244 1015 2272 11.
1044 2231 1096 2271 hi
1125 2232 1186 2281 H,
1221 2233 1260 2272 ii
1291 2238 1386 2273 cett.
1417 2233 1537 2273 codd.

573 2299 636 2340 14.
665 2288 809 2329 videor
825 2301 930 2329 corr.
951 2287 998 2334 Β,
1018 2287 1190 2328 videtur
1206 2287 1389 2328 ADCH.

1381 2178 1557 2217 scientia
1585 2178 1720 2228 CAD‚
1750 2177 1973 2218 inscientia
1999 2177 2234 2228 ABEV2H.

1809 2244 1872 2283 13.
1901 2237 1940 2272 et
1972 2232 2234 2278 ABCDAH,

1545 2298 1607 2339 15.
1633 2292 1866 2340 persequar
1882 2300 1985 2328 corr.
2007 2287 2041 2327 B
2059 2287 2142 2327 and
2156 2287 2202 2328 H
2220 2300 2232 2329 ε

1269 2460 1431 2507 bantur,
1452 2461 1517 2501 34.
1546 2471 1582 2501 1.
1639 2460 1697 2501 So
1718 2460 1859 2513 Quint.
1881 2460 1953 2501 vii.
1980 2471 2019 2510 2,
2041 2472 2094 2512 54
2117 2460 2236 2501 ituris

1268 2517 1311 2555 in
1340 2516 1500 2556 forum:
1541 2515 1583 2557 ii.
1613 2515 1650 2563 8,
1675 2516 1698 2555 8
1727 2515 1798 2567 qui
1827 2516 1916 2555 soro
1944 2515 2229 2556 destinabitur.

1270 2571 1354 2610 For
1372 2576 1411 2610 et
1430 2583 1495 2622 cp.
1516 2572 1580 2610 20.
1605 2581 1650 2608 12
1674 2569 1840 2611 iuvenes
1858 2576 1899 2610 et
1918 2570 1960 2609 in
1991 2600 2002 2611 .
2019 2601 2030 2612 .
2054 2600 2065 2611 .
2086 2570 2236 2612 incude

1301 2626 1407 2665 ositi.
2067 2631 2071 2635 “

1269 2638 1298 2678 p
1325 2692 1364 2731 9.
1395 2681 1517 2719 alere
1537 2681 1755 2726 ingenia:
1785 2692 1849 2730 cp.
1871 2692 1925 2718 on
1947 2680 2010 2718 14.
2031 2677 2093 2719 16.

1328 2745 1392 2773 10.
1423 2736 1644 2774 facultate
1674 2739 1722 2773 et
1749 2747 1852 2783 usu,
1874 2733 1924 2774 of
1946 2733 2016 2773 the
2035 2733 2235 2786 practical

1270 2787 1527 2841 application
1547 2788 1593 2828 of
1607 2788 1846 2828 theoretical
1864 2788 2122 2841 knowledge.

1331 2854 1394 2883 11.
1424 2845 1690 2890 significare
1719 2846 1882 2884 vultu:
1921 2843 2072 2896 supply
2089 2856 2130 2883 se
2148 2855 2234 2883 non

1270 2897 1548 2938 abnuere=se
1568 2898 1678 2937 idem
1698 2898 1858 2938 sentire.

1331 2964 1393 3003 13.
1424 2956 1559 3000 quasi
1577 2965 1740 2992 rursus
1761 2954 2008 2999 incipiens.
2039 2953 2118 3005 Cp.
2141 2951 2229 2993 Cic.

1273 3006 1388 3100 Brcilit.
1421 3010 1441 3055 ξ
1464 3019 1537 3046 201
1569 3013 1611 3048 et
1637 3019 1716 3060 ego
1749 3011 1963 3060 tamquam
1991 3006 2044 3048 de
2072 3008 2234 3060 integro

1273 3074 1320 3101 or
1351 3074 1446 3102 iens.

1328 3119 1472 3157 initia
1486 3122 1534 3157 et
1546 3119 1741 3166 semina,
1758 3119 1769 3137 ‘
1780 3115 2133 3169 first-beginnings
2151 3115 2235 3156 and

1272 3184 1408 3223 germs
1427 3172 1460 3213 ἐ
1492 3172 1633 3224 Quint.
1656 3171 1700 3212 ii.
1736 3184 1798 3219 20,
1827 3170 1852 3211 6
1881 3172 2001 3211 initia
2027 3171 2232 3223 quaedam

1273 3238 1323 3266 ac
1352 3226 1532 3268 semina:
1577 3226 1666 3267 Cic.
1707 3226 1831 3266 Tusc.
1862 3239 1899 3266 ν.
1932 3225 1986 3278 69
2018 3225 2237 3278 indagatio

1272 3281 1486 3321 initiorum
1505 3287 1545 3321 et
1562 3287 1774 3334 tamquam
1797 3281 2012 3321 seminum.

1333 3347 1395 3386 14.
1425 3339 1619 3385 artibus,
1645 3339 1656 3357 ‘
1671 3335 1869 3375 branches
1887 3335 1936 3374 of
1958 3332 2234 3386 knowledge?

1274 3389 1352 3442 Cp.
1374 3390 1516 3442 Quint.
1541 3391 1567 3430 i.
1591 3401 1628 3439 3,
1653 3388 1701 3428 16
1721 3390 1869 3442 quibus
1888 3388 2159 3430 instituendus
2177 3389 2235 3429 sit

1272 3444 1427 3484 artibus
1454 3445 1525 3497 qui
1553 3445 1610 3485 sic
1638 3444 1883 3484 formabitur
1910 3450 1955 3484 ut
1984 3443 2072 3484 fieri
2102 3444 2234 3497 possit

1272 3504 1426 3539 orator.
1499 3499 1548 3538 In
1594 3498 1973 3539 contradistinction
2015 3505 2060 3538 to
2106 3499 2236 3548 these,

1275 3555 1286 3575 ⁴
1300 3553 1612 3593 exercitationes
1624 3552 1633 3568 ’
1650 3566 1718 3593 are
1734 3553 1804 3594 the
1818 3554 2016 3593 exercises
2030 3554 2084 3605 by
2095 3552 2235 3593 which

1274 3608 1468 3660 speakers
1484 3621 1589 3648 were
1604 3608 1807 3661 prepared
1826 3608 1890 3649 for
1905 3608 1974 3649 the
1989 3608 2171 3662 practice
2190 3607 2238 3649 or

1272 3662 1379 3704 their
1397 3664 1638 3716 profession.
