2424 4166
656 251 844 301 DJAL
853 251 949 303 OG
960 252 1047 302 US
1083 252 1199 301 DE
1234 253 1378 302 ORA
1394 253 1627 304 TORIB
1637 254 1737 305 US.
2127 266 2196 325 55

203 394 408 463 quisito
434 399 490 446 et
519 392 736 461 poetico
762 392 910 445 cultu
950 393 1161 445 enituit.
1239 393 1501 461 Exigitur
1538 395 1683 446 enim
1723 395 1833 447 iam
1873 397 1945 449 ab
1983 405 2197 451 oratore

204 487 371 539 etiarn
409 486 653 554 poeticus
690 486 868 548 decor,
893 502 1004 537 non
1034 485 1192 536 Accii
1230 493 1327 537 aut
1366 486 1586 538 Pacuvii
1610 494 1837 539 veterno
1864 489 2197 556 inquinatus

201 580 299 630 sed
326 596 398 630 ex
428 577 647 630 Horatii
675 584 729 629 et
759 576 988 644 Vergilii
1028 585 1083 630 et
1121 578 1331 629 Lucani
1368 579 1599 630 sacrario
1626 579 1887 647 prolatus.
1976 582 2195 635 Horum

200 671 365 739 igitur
401 671 619 723 auribus
658 677 712 721 et
751 670 960 722 iudiciis
986 670 1374 738 obtemperans
1399 679 1712 724 nostrorum
1739 681 2018 726 oratorum
2045 683 2196 727 aetas

199 763 475 832 pulchrior
512 770 566 814 et
605 763 846 815 ornatior
882 763 1087 815 extitit.
1163 764 1362 831 Neque
1400 764 1524 816 ideo
1566 766 1744 817 minus
1784 765 2033 819 efficaces
2070 777 2197 821 sunt

197 855 472 908 orationes
507 863 725 908 nostrae
751 855 879 922 quia
906 857 978 908 ad
1016 872 1176 908 aures
1214 856 1576 908 iudicantium
1609 874 1733 908 cum
1759 857 2047 925 voluptate
2077 876 2197 926 per-

195 949 437 999 veniunt.
537 947 686 1015 Quid
738 949 883 1000 enim
933 949 977 999 si
1030 949 1323 1001 infirmiora
1373 949 1570 1000 horum
1621 958 1933 1018 temporum
1987 951 2197 1017 templa

195 1042 399 1102 credaS,
426 1041 554 1108 quia
579 1058 689 1094 non
714 1042 833 1093 rudi
862 1049 1146 1094 caemento
1186 1049 1241 1093 et
1268 1042 1589 1095 informibus
1617 1043 1816 1111 tegulis
1850 1051 2196 1109 extruuntur,

195 1135 293 1185 sed
321 1150 590 1187 marmore
615 1135 791 1188 nitent
817 1143 873 1187 et
898 1153 1029 1187 auro
1055 1135 1372 1187 radiantur?

268 1229 361 1284 21.
401 1227 674 1294 Equidem
701 1227 915 1280 fatebor
950 1229 1106 1280 vobis
1144 1227 1462 1295 simpliciter
1488 1246 1576 1280 me
1615 1229 1669 1280 in
1695 1229 2024 1297 quibusdam
2052 1232 2194 1285 anti-

254 1341 315 1384 17.
344 1333 534 1385 exigitur
551 1332 729 1386 Lipsius,
758 1333 949 1385 exigetur
972 1334 1061 1384 CA,
1090 1335 1302 1374 exercitur
1319 1334 1428 1384 AV„
1464 1335 1671 1375 corrected
1700 1336 1742 1374 in
1772 1336 1877 1376 both
1906 1342 1952 1377 to
1984 1344 2195 1378 exercetur

194 1386 373 1427 BDEH.
544 1399 604 1437 23.
635 1387 675 1426 si
692 1388 830 1437 codd.‚
849 1402 907 1427 an
928 1389 1113 1438 oberlin,
1136 1389 1225 1428 nisi
1242 1389 1396 1428 Osann.
1565 1401 1584 1427 2
1592 1403 1629 1439 5.
1658 1390 1834 1429 radiant
1851 1391 1942 1431 Lat.
1963 1392 2164 1432 Latinius.

249 1444 318 1482 21.
351 1453 385 1482 1.
403 1441 571 1494 fatebor
588 1448 695 1482 most
714 1442 847 1493 codd.‚
856 1444 1002 1495 faleor
1018 1443 1177 1495 AHSp.
1223 1443 1300 1495 Cp.
1321 1443 1526 1495 Equidem
1546 1443 1707 1484 fatebor
1724 1445 1843 1484 vobis
1861 1446 1952 1487 Liv.
1971 1459 2009 1486 V.
2031 1458 2096 1498 54,
2116 1458 2153 1497 3.

194 1530 266 1572 the
283 1544 354 1572 use
373 1531 422 1570 of
447 1534 622 1571 Sensus
646 1532 713 1582 (of
736 1531 934 1583 thought)
954 1532 1025 1572 the
1054 1533 1149 1573 idea

194 1586 241 1625 of
274 1586 487 1626 substance
525 1599 571 1625 or
609 1585 714 1625 form
747 1586 782 1626 is
815 1587 967 1638 always
1000 1600 1147 1638 upper-

194 1645 330 1679 most:
362 1639 424 1679 for
450 1640 520 1679 the
548 1641 700 1679 former
727 1654 791 1692 cp.
823 1643 887 1680 23.
910 1653 956 1679 21
993 1643 1148 1690 (where

185 1694 380 1745 gravitas
397 1707 592 1734 sensuum
613 1694 648 1733 is
667 1695 898 1734 contrasted
912 1695 1014 1735 with
1033 1696 1151 1735 nitor

193 1754 234 1787 et
259 1749 395 1788 cultus
422 1749 673 1798 verborum),
704 1749 787 1787 and
815 1750 1018 1802 probably
1036 1755 1146 1801 pau·

191 1803 373 1842 'cissimos
409 1815 551 1842 sensus
583 1805 647 1843 32.
687 1812 760 1855 17:
818 1805 883 1842 for
918 1805 988 1844 the
1025 1805 1148 1844 latter

193 1857 254 1906 (in
301 1857 487 1897 addition
531 1862 576 1896 to
623 1858 693 1897 the
739 1863 903 1910 present
949 1860 1142 1911 passage)

193 1913 259 1951 21.
302 1919 350 1963 17
388 1911 605 1962 (inconditi
638 1925 778 1952 sensus
813 1912 1001 1953 redolent
1039 1914 1144 1952 anti-

191 1966 406 2017 quitatem)
443 1968 506 2005 22.
546 1978 592 2005 12
629 1966 769 2019 (pauci
799 1980 939 2006 sensus
972 1973 1069 2020 apte
1102 1974 1144 2008 et

192 2033 287 2060 cum
320 2019 502 2072 quodam
534 2021 688 2060 lumine
720 2022 1031 2072 terminantur):
1078 2024 1142 2062 22.

195 2086 243 2114 22
272 2074 394 2126 (nulli
421 2087 561 2114 sensus
582 2106 591 2115 .
615 2105 623 2114 .
645 2105 654 2114 .
682 2075 724 2114 in
752 2089 908 2115 morem
934 2075 1144 2116 annalium

192 2128 510 2181 componantur)
529 2143 536 2168 :
567 2131 631 2169 23.
655 2142 673 2168 2
691 2130 810 2169 tertio
830 2143 991 2182 quoque
1011 2143 1143 2170 sensu.

191 2182 248 2223 So
265 2189 339 2222 too
357 2182 448 2223 Sen.
482 2183 558 2235 Ep.
595 2195 685 2232 114,
718 2187 739 2231 ξ
767 2195 815 2224 1:
849 2184 989 2235 Quint.
1019 2185 1071 2224 ix.
1104 2196 1142 2234 3,

193 2241 241 2285 ξξ
279 2245 342 2288 74,
382 2236 446 2288 76.
533 2237 780 2278 Sometimes
829 2241 1076 2279 Sententia
1100 2258 1135 2272 =

191 2304 354 2331 sensus:
383 2304 416 2331 e.
429 2305 471 2343 g.
495 2293 560 2332 21.
586 2303 628 2330 11
653 2293 787 2332 verbis
813 2298 958 2332 ornata
986 2299 1026 2333 et
1055 2306 1142 2333 sen-

189 2346 348 2386 tentiis:
379 2347 443 2386 23.
468 2357 519 2397 24
546 2359 596 2385 ea
621 2347 912 2386 sententiarum
935 2346 1141 2398 planitas:

191 2402 258 2440 26.
293 2401 317 2438 8
349 2399 517 2440 lascivia
544 2401 763 2440 verborum
791 2406 830 2440 et
859 2402 1024 2442 levitate
1053 2414 1142 2442 sen-

190 2454 420 2494 tentiarum.
478 2454 598 2494 More
631 2455 793 2507 usually
820 2456 853 2495 it
886 2456 1066 2505 denotes‚
1098 2469 1143 2495 as

190 2508 300 2556 here,
316 2522 341 2548 a
355 2515 473 2557 terse,
488 2509 671 2561 pointed,
689 2515 887 2561 pregnant
905 2516 1137 2551 utterance:

191 2565 256 2603 22.
285 2570 306 2613 7
335 2563 534 2614 quasdam
563 2564 782 2603 sententias
809 2564 990 2604 invenit:
1022 2567 1086 2604 23.
1119 2576 1138 2603 2

189 2630 268 2670 pro
283 2617 480 2657 sententia
498 2631 507 2658 ε
538 2619 602 2657 32.
622 2627 670 2670 17
688 2623 881 2670 angustas
895 2619 1126 2659 sententias.

244 2676 423 2720 arguta,
472 2671 696 2725 ‘pointed,'
744 2673 971 2724 ‘striking,'
1012 2677 1022 2695 ‘
1040 2671 1140 2726 apt,'

190 2725 289 2777 only
322 2726 418 2766 here
454 2725 496 2765 in
530 2726 709 2766 Tacitus.
785 2727 873 2767 Cic.
906 2728 957 2767 de
991 2727 1063 2768 Or.
1096 2728 1140 2767 ii.

192 2781 214 2827 ξ
240 2791 332 2830 250,
364 2784 384 2828 ξ
410 2779 514 2821 268:
545 2781 656 2821 Brut.
689 2784 710 2828 ξ
741 2792 816 2832 325
848 2783 1140 2822 sententiosum

189 2840 230 2874 et
248 2839 441 2886 argutum
461 2835 606 2887 (genus
625 2835 851 2887 dictionis).
891 2836 970 2888 Cp.
995 2839 1005 2857 ‘
1022 2850 1138 2876 coac-

189 2892 254 2927 tos
273 2889 314 2927 in
334 2890 573 2928 sententiam
587 2888 598 2906 '
623 2890 665 2928 in
691 2890 761 2929 the
789 2903 963 2942 passage
988 2890 1140 2943 quoted

189 2942 295 2981 from
340 2942 494 2982 Seneca
540 2945 696 2983 above:
746 2944 889 2995 Quint.
928 2958 966 2983 x.
1009 2956 1046 2993 1,
1087 2955 1140 2995 50

189 2995 331 3036 breves
351 2997 634 3049 vibrantesque
652 2998 883 3038 sententiae.

244 3052 385 3089 loeus.
453 3050 529 3090 See
567 3064 620 3090 on
659 3053 722 3091 22.
764 3051 789 3091 6
827 3052 943 3092 locos
980 3065 1140 3105 quoque

188 3102 376 3143 laetiores
395 3105 620 3144 attentavit.

249 3157 311 3197 18.
342 3159 476 3198 Accii
504 3163 587 3198 aut
612 3160 820 3199 Pacuvii.
882 3159 986 3199 This
1010 3160 1045 3200 is
1069 3159 1138 3200 the

191 3211 309 3250 order
325 3211 366 3250 in
380 3211 514 3251 which
529 3212 642 3252 these
661 3218 745 3253 two
765 3218 883 3266 poets
903 3226 970 3253 are
989 3214 1139 3254 named

188 3265 233 3303 in
268 3265 408 3316 Quint.
444 3279 483 3305 x.
517 3277 550 3314 1,
583 3274 650 3319 97,
679 3266 839 3319 though
869 3268 1007 3308 Attius
1037 3268 1138 3320 (170

191 3320 459 3359 B.C.—about
488 3319 558 3372 90)
586 3333 671 3360 was
699 3322 829 3373 really
856 3321 990 3362 fifteen
1020 3335 1137 3374 years

190 3385 370 3425 younger
398 3374 497 3413 than
535 3375 734 3415 Pacuvius
776 3376 1016 3428 (220—132).
1088 3378 1137 3416 In

189 3426 260 3466 the
278 3432 374 3466 next
392 3427 572 3480 chapter,
591 3429 673 3469 line
694 3440 760 3480 3ο,
777 3431 978 3470 Pacuvius
997 3444 1137 3471 comes

189 3479 286 3520 first.
317 3481 547 3531 Quintilian
564 3483 611 3534 (1.
625 3485 680 3534 c.)
697 3497 790 3536 says
804 3485 852 3524 of
866 3486 978 3524 them
998 3488 1008 3507 ‘
1024 3486 1136 3525 nitor

189 3540 231 3574 et
258 3547 418 3574 summa
441 3536 482 3575 in
507 3538 742 3578 excolendis
769 3539 962 3591 operibus
989 3553 1136 3579 manus

187 3588 321 3639 magis
366 3589 493 3629 videri
538 3597 673 3643 potest
718 3593 975 3645 temporibus
1011 3607 1137 3646 quam

186 3642 287 3695 ipsis
332 3641 534 3694 defuisse,’
585 3646 754 3687 Martial
800 3648 874 3699 gxi.
921 3647 991 3700 90)
1033 3648 1138 3699 jeers

1232 1537 1277 1571 at
1309 1531 1422 1572 them
1456 1531 1520 1571 for
1551 1532 1786 1585 delighting
1819 1533 1861 1573 in
1894 1534 2194 1584 archaisms,—

1233 1586 1530 1638 Attonitusque
1551 1587 1655 1638 legis
1674 1589 1795 1627 terrai
1821 1588 2031 1640 frugiferai
2050 1590 2192 1630 Attius

1232 1647 1272 1680 et
1292 1641 1493 1693 quidquid
1512 1641 1792 1694 Pacuviusque
1813 1650 1994 1684 vomunt.

1285 1700 1495 1735 veterno.

1233 1750 1297 1789 22.
1337 1761 1384 1787 22
1416 1749 1586 1789 verbum
1615 1750 1727 1790 velut
1761 1751 1948 1803 rubigine
1977 1752 2189 1794 infectum.

1232 1803 1302 1844 Tr.
1324 1805 1334 1824 ‘
1351 1810 1424 1844 not
1445 1803 1667 1856 disfigured
1687 1806 1742 1856 by
1760 1806 1830 1845 the
1852 1806 1924 1845 old
1952 1813 2037 1846 rust
2066 1808 2115 1847 of
2138 1822 2191 1848 an

1231 1858 1383 1898 Accius
1405 1871 1452 1897 or
1470 1871 1495 1897 a
1516 1858 1743 1899 Pacuvius.’

1290 1924 1351 1964 19.
1382 1915 1577 1952 Lucani.
1654 1914 1883 1964 Quintilian
1926 1915 2068 1954 would
2113 1923 2189 1956 not

1230 1966 1334 2007 have
1365 1967 1523 2006 classed
1552 1967 1695 2007 Lucan
1727 1969 1854 2020 along
1885 1969 1985 2008 with
2021 1971 2190 2011 Horace

1230 2021 1311 2060 and
1331 2021 1485 2072 Vergil.
1544 2023 1619 2061 See
1639 2036 1677 2062 X.
1705 2033 1738 2063 1.
1762 2034 1816 2074 90
1835 2024 2024 2064 Lucanus
2043 2026 2190 2065 ardens

1230 2081 1272 2114 et
1292 2077 1520 2115 concitatus
1548 2082 1590 2116 et
1619 2077 1832 2117 sententiis
1860 2077 2123 2128 clarissimus,
2145 2086 2186 2119 et

1230 2135 1275 2169 ut
1309 2130 1448 2168 dicam
1475 2130 1587 2181 quod
1616 2131 1761 2180 sentio,
1791 2133 1926 2184 magis
1955 2134 2188 2174 oratoribus

1229 2197 1354 2235 quam
1382 2185 1513 2235 poetis
1541 2185 1774 2225 imitandus.
1834 2185 2048 2239 Similarly
2073 2187 2185 2228 SerV.

1229 2238 1283 2276 ad
1309 2240 1412 2278 Aen.
1441 2239 1469 2277 i.
1493 2239 1568 2288 382
1601 2239 1791 2279 Lucanus
1820 2240 1916 2279 ideo
1944 2242 1987 2280 in
2015 2255 2186 2282 numero

1229 2299 1444 2344 poetarum
1476 2305 1563 2332 esse
1595 2306 1675 2332 non
1708 2294 1855 2334 meruit
1894 2296 1990 2346 quia
2027 2296 2188 2336 videtur

1229 2347 1444 2386 historiam
1473 2347 1752 2399 composuisse
1780 2361 1863 2388 non
1893 2362 2067 2401 poema:
2108 2352 2186 2391 Pe-

1227 2407 1332 2440 tron.
1352 2401 1484 2452 Satyr.
1510 2403 1585 2440 118
1605 2416 1613 2441 :
1646 2403 1769 2441 Mart.
1791 2403 1871 2443 xiv.
1896 2414 1985 2455 194.

1283 2459 1480 2503 Horum,
1512 2455 1561 2494 of
1582 2456 1652 2496 the
1685 2456 1790 2496 class
1824 2458 1873 2496 of
1900 2457 2063 2498 hearers
2093 2472 2184 2511 pre-

1228 2510 1392 2561 viously
1411 2509 1633 2559 indicated,
1655 2511 1878 2563 especially
1898 2511 1967 2552 the
1987 2513 2170 2553 iuvenes.

1286 2575 1305 2602 2
1313 2576 1349 2614 3.
1382 2566 1512 2609 Quid
1532 2567 1660 2604 enim
1681 2595 1691 2605 .
1713 2595 1722 2604 .
1744 2595 1753 2604 .
1775 2568 1817 2605 si
1837 2570 1998 2606 credas
2012 2572 2033 2607 i>
2080 2568 2185 2608 This

1225 2617 1405 2658 formula
1425 2619 1603 2658 reminds
1627 2632 1705 2659 one
1734 2620 1783 2659 of
1806 2620 1876 2660 the
1901 2620 2084 2674 frequent
2113 2636 2184 2662 use

1227 2673 1274 2712 of
1309 2673 1400 2712 nisi
1430 2672 1546 2724 forte
1583 2680 1628 2714 to
1665 2674 1879 2714 introduce
1917 2689 1970 2714 an
2009 2676 2184 2716 ironical

1225 2732 1450 2779 argument.
1520 2728 1569 2767 In
1599 2728 1702 2767 both
1735 2742 1848 2768 cases
1879 2729 1949 2769 the
1977 2731 2119 2770 reader
2147 2732 2182 2771 is

1226 2781 1484 2833 challenged,
1505 2795 1551 2821 as
1570 2782 1603 2821 it
1621 2795 1741 2831 were,
1761 2789 1805 2823 to
1832 2783 1951 2823 differ
1977 2785 2084 2824 from
2110 2786 2181 2825 the

1226 2836 1394 2888 opinion
1410 2836 1495 2887 just
1515 2836 1736 2887 advanced,
1760 2851 1813 2876 on
1838 2839 1935 2890 pain
1962 2838 2010 2878 of
2027 2839 2182 2892 having

1224 2896 1269 2929 to
1289 2890 1420 2929 admit
1439 2891 1675 2943 something
1696 2892 1831 2930 which
1857 2893 1892 2931 is
1917 2893 2180 2945 improbable

1225 2956 1271 2983 or
1290 2945 1452 2986 absurd.
1499 2945 1569 2984 Tr.
1601 2948 1612 2966 ‘
1624 2945 1748 2996 Why,
1773 2959 1849 2986 one
1867 2947 2000 2999 might
2019 2961 2064 2987 as
2083 2949 2180 2989 well

1224 2998 1406 3047 believe,’
1428 3003 1504 3039 &c.

1283 3063 1344 3103 25.
1373 3055 1632 3102 radiantur,
1654 3052 2039 3106 middle=fulgent.
2098 3056 2177 3108 Cp.

1224 3104 1349 3153 Ovid,
1378 3106 1458 3158 Ep.
1488 3120 1537 3145 ex
1564 3107 1698 3146 Ponto
1718 3108 1775 3147 iii.
1804 3120 1844 3159 4,
1865 3119 1940 3158 103
1962 3108 2086 3150 Scuta
2106 3110 2178 3150 sed

1224 3166 1263 3200 et
1283 3159 1426 3211 galeae
1445 3161 1620 3212 gemmis
1637 3161 1844 3201 radientur
1862 3168 1903 3201 et
1923 3175 2035 3202 auro.

1278 3217 1345 3254 21.
1380 3225 1413 3255 1.
1453 3218 1699 3262 Equidem,
1742 3218 1818 3256 &c.
1890 3216 1974 3255 For
2007 3217 2076 3256 the
2109 3230 2176 3257 ex-

1224 3269 1419 3320 pression,
1449 3282 1512 3320 cp.
1548 3269 1634 3309 Cic.
1671 3269 1781 3309 Brut.
1819 3273 1940 3322 §293
1971 3271 2176 3324 Equidem

1222 3323 1264 3361 in
1293 3323 1538 3374 quibusdam
1568 3324 1693 3362 risum
1712 3324 1780 3362 vix
1802 3326 2002 3365 tenebam.
2061 3326 2176 3366 Most

1222 3376 1314 3416 edd.
1345 3378 1440 3416 take
1469 3378 1713 3429 quibusdam
1743 3391 1788 3417 as
1817 3386 1973 3428 neuter,
2003 3380 2076 3419 but
2103 3394 2175 3420 nec

1222 3444 1359 3470 unum
1379 3432 1513 3471 below
1532 3432 1665 3471 shows
1685 3431 1774 3471 that
1802 3433 1835 3471 it
1855 3433 1889 3472 is
1909 3446 2032 3473 masc.
2090 3435 2175 3474 For

1220 3485 1291 3525 the
1319 3486 1509 3537 partitive
1541 3486 1720 3537 genitive
1753 3486 1858 3526 after
1889 3488 2074 3539 quidam,
2107 3503 2173 3541 cp.

1223 3539 1338 3579 Hist.
1360 3540 1402 3579 ii.
1423 3552 1488 3591 49,
1517 3552 1589 3591 17:
1620 3541 1689 3591 98,
1711 3550 1733 3590 5
1753 3554 1761 3581 :
1793 3541 1846 3581 iv.
1870 3550 1934 3593 70,
1958 3554 2033 3593 24:
2064 3543 2172 3584 Ann.

1222 3594 1292 3633 xii.
1310 3601 1373 3645 17,
1393 3604 1456 3645 14.
1487 3593 1542 3634 So
1561 3596 1571 3614 ‘
1586 3594 1754 3646 plurimi
1769 3594 2039 3646 disertorum‚’
2052 3609 2119 3649 40,
2137 3610 2173 3649 3,

1222 3646 1370 3687 below.

1572 1696 1657 1735 For
1703 1709 1728 1736 a
1765 1696 1922 1736 similar
1958 1697 2088 1749 figure
2124 1703 2205 1751 cp?

2224 697 2274 724 20

2220 1151 2268 1189 25
