2424 4166
203 260 273 315 92
857 247 1247 300 CORNELII
1282 248 1370 300 ΤΑ
1383 249 1467 301 CI
1468 249 1553 299 TI

276 393 386 447 34.
430 389 585 460 Ergo
623 391 772 458 apud
807 391 1042 444 maiores
1081 398 1300 446 nostros
1339 391 1547 445 iuvenis
1585 392 1676 445 ille
1711 392 1805 460 qui
1845 391 1964 446 foro
1999 400 2056 446 et
2094 392 2211 446 elo-

202 483 463 551 quentiae
503 485 812 553 parabatur,
851 486 1097 538 imbutus
1136 486 1247 538 iam
1286 486 1594 539 domestica
1638 477 1941 556 disciplina,
1980 486 2210 540 refertus

200 576 447 631 honestis
485 579 680 631 studiis
718 580 1101 632 deducebatur
1137 598 1171 633 a
1209 589 1368 648 patre
1405 580 1492 633 vel
1535 599 1569 634 a
1606 581 1930 649 propinquis
1967 582 2039 633 ad
2081 597 2211 634 eum

199 678 477 723 oratorem
531 673 627 740 qui
678 672 980 741 principem
1030 673 1084 724 in
1135 674 1359 726 civitate
1409 673 1591 726 locum
1643 673 1948 727 obtinebat.

2042 674 2210 726 Hunc

150 781 173 822 5
202 764 412 826 sectari,
450 764 595 816 hunc
627 766 904 833 prosequi,
941 765 1103 818 huius
1137 767 1395 819 omnibus
1430 767 1762 820 dictionibus
1799 768 2063 820 interesse
2097 767 2212 819 sive

201 857 257 908 in
302 857 514 910 iudiciis
547 858 660 910 sive
698 859 755 909 in
794 859 1147 911 contionibus
1184 860 1562 924 adsuescebat,
1607 861 1686 913 ita
1724 869 1786 914 ut
1823 861 2212 914 altercationes

201 967 423 1018 quoque
449 952 729 1020 exciperet
761 960 818 1005 et
844 952 1034 1021 iurgiis
1062 953 1349 1006 interesset
1375 961 1548 1021 utque
1572 953 1650 1007 sic
1676 954 1931 1018 dixerim,
1963 969 2212 1021 pugnare

202 1044 257 1095 in
296 1043 507 1112 proelio
539 1045 790 1097 disceret.

867 1045 1108 1113 Magnus
1148 1063 1221 1098 ex
1262 1046 1368 1099 hoc
1405 1063 1552 1108 usus,
1581 1046 1818 1098 multum
1850 1046 2211 1108 constantiae,

200 1140 500 1208 plurimum
543 1141 728 1193 iudicii
772 1140 1057 1193 iuvenibus
1102 1140 1294 1193 statim
1345 1140 1718 1209 contingebat,
1763 1141 1819 1192 in
1863 1141 2047 1193 media
2090 1138 2213 1193 luce

130 1251 180 1280 10
201 1234 553 1287 studentibus
588 1242 756 1303 atque
788 1235 929 1287 inter
961 1235 1082 1303 ipsa
1115 1234 1447 1298 discrimina,
1475 1234 1569 1286 ubi
1599 1251 1764 1287 nemo
1791 1234 2019 1303 impune
2043 1233 2212 1286 stulte

200 1325 407 1395 aliquid
434 1336 530 1380 aut
557 1327 823 1381 contrarie
849 1328 998 1392 dicit,
1024 1344 1135 1395 quo
1169 1328 1347 1379 minus
1388 1335 1444 1380 et
1479 1328 1650 1380 iudex
1677 1335 1899 1396 respuat
1924 1333 1981 1380 et
2018 1326 2215 1379 adver-

254 1451 328 1488 34.
362 1460 397 1487 2.
421 1449 664 1501 parabatur
689 1448 824 1499 codd„
848 1448 1185 1502 praeparabatur
1208 1448 1356 1497 Ritter,
1387 1448 1554 1489 Novak.

198 1507 360 1543 teresset
379 1503 553 1554 Bekker,
573 1505 755 1557 excipere
774 1536 784 1545 .
807 1534 816 1544 .
840 1534 850 1544 .
871 1505 1061 1544 interesse
1080 1504 1201 1544 codd.

255 1604 328 1641 34.
354 1613 390 1642 2.
419 1604 645 1651 imbutus,
667 1600 878 1652 ‘trained,'
901 1615 965 1655 cp.
995 1600 1084 1642 Cic.
1105 1601 1156 1641 de

200 1655 282 1696 Off.
302 1657 330 1696 i.
355 1659 375 1704 ξ
403 1658 477 1696 118
498 1656 728 1708 parentium
748 1657 977 1710 praeceptis
995 1656 1159 1696 imbuti.

200 1711 293 1750 The
313 1712 394 1750 abl.
411 1712 634 1764 disciplina
651 1713 685 1751 is
699 1712 836 1752 rather
850 1711 1038 1752 different
1054 1711 1160 1750 from

200 1766 448 1818 eloquentia,
463 1767 545 1806 line
563 1778 609 1817 13
624 1767 779 1807 below:
801 1779 865 1819 cp.
876 1765 1110 1806 eruditione
1123 1768 1159 1806 2.

203 1831 266 1873 14,
289 1821 372 1860 and
390 1821 599 1861 elementis
621 1823 683 1860 19.
705 1833 754 1861 20
768 1822 922 1872 (where
941 1834 1007 1861 see
1026 1819 1155 1871 note).

199 1876 251 1915 In
287 1876 406 1915 order
433 1881 478 1915 to
507 1877 741 1928 emphasize
770 1875 865 1927 this,
890 1876 1049 1916 Gerber
1076 1874 1159 1914 and

201 1930 330 1971 Greef
338 1931 434 1970 take
448 1930 632 1970 imbutus
644 1931 740 1970 here
752 1944 797 1970 as
810 1930 911 1970 used
925 1929 1160 1981 absolutely

203 1989 276 2037 (sc.
289 1986 376 2025 iure
391 1991 432 2025 et
444 1985 713 2038 eloquentia),
724 1986 969 2038 comparing
980 1986 1088 2024 Ann.
1098 1984 1158 2024 iii.

201 2051 269 2092 59,
292 2051 334 2078 12
353 2040 411 2080 sic
430 2040 562 2079 imbui
581 2046 779 2080 rectorem
794 2040 955 2092 generis
974 2039 1157 2089 humani,

198 2095 244 2135 id
264 2096 444 2147 primum
465 2109 486 2134 e
507 2096 686 2147 paternis
705 2095 890 2135 consiliis
910 2094 1080 2134 discere.

256 2162 294 2200 3.
324 2152 657 2190 deducebatur.
735 2150 819 2189 For
865 2150 949 2189 this
997 2161 1068 2188 use
1116 2147 1164 2188 of

197 2203 461 2256 introducing
506 2217 531 2244 a
578 2203 708 2255 youth
755 2211 799 2245 to
847 2217 872 2244 a
919 2209 1073 2244 master
1114 2216 1161 2243 or

197 2259 412 2311 guardian,
436 2272 500 2311 cp.
521 2272 597 2312 pro
618 2259 736 2300 Cael.
761 2263 780 2307 5
804 2271 854 2311 9:
885 2259 937 2299 de
958 2260 1055 2298 Am.
1077 2262 1096 2306 ξ
1124 2269 1158 2298 1.

198 2314 291 2353 The
329 2319 490 2353 custom
528 2314 576 2354 of
609 2314 779 2367 seeking
815 2313 885 2354 the
924 2314 1082 2364 society
1117 2312 1164 2352 of

198 2368 502 2421 distinguished
517 2368 658 2420 jurists
677 2382 725 2408 or
743 2374 904 2409 orators
922 2369 958 2408 is
985 2367 1160 2408 referred

198 2430 243 2463 to
262 2423 302 2462 in
323 2437 421 2475 very
436 2423 595 2463 similar
609 2424 815 2475 language
831 2424 885 2475 by
900 2423 1131 2475 Quintilian
1149 2435 1159 2463 ε

197 2491 236 2518 x.
272 2489 312 2529 5,
345 2489 395 2530 19
424 2491 548 2530 quare
576 2479 734 2518 iuvenis
762 2479 831 2531 qui
863 2480 1066 2517 rationem
1100 2477 1160 2516 in-

198 2534 389 2573 veniendi
422 2533 726 2585 eloquendique
759 2547 784 2573 a
823 2533 1159 2586 praeceptoribus

198 2587 418 2639 diligenter
457 2588 660 2639 acceperit
693 2619 702 2628 .
734 2618 744 2628 .
782 2618 791 2627 .
822 2587 1159 2627 exercitationem

198 2655 364 2695 quoque
395 2643 604 2683 modicam
633 2642 755 2682 fuerit
783 2648 1037 2687 consecutus,
1068 2654 1159 2680 ora-

198 2703 331 2737 torem
360 2697 440 2736 sibi
469 2697 663 2749 aliquem,
695 2697 807 2749 quod
840 2697 952 2748 apud
985 2696 1161 2735 maiores

198 2751 286 2791 fieri
300 2751 476 2800 solebat,
492 2752 665 2803 deligat,
679 2764 803 2804 quem
815 2756 1019 2803 sequatur,
1036 2762 1160 2803 quem

198 2806 383 2846 imitetur
398 2819 407 2845 ε
430 2806 594 2846 iudiciis
607 2807 764 2846 intersit
778 2818 899 2858 quam
914 2805 1105 2857 plurimis
1117 2810 1159 2844 et

199 2860 251 2900 sit
266 2860 500 2901 certaminis
518 2862 584 2900 cui
599 2861 827 2900 destinatur
841 2861 1026 2912 frequens
1042 2873 1157 2913 spec-

199 2921 321 2956 tator.
361 2915 439 2967 Cp.
461 2915 531 2956 xii.
557 2926 621 2965 11,
646 2927 694 2966 5:
726 2916 814 2955 Cic.
838 2916 948 2954 Brut.
968 2917 987 2962 ξ
1009 2914 1156 2966 305—6.

254 2983 291 3021 4.
322 2972 585 3016 principem
623 2973 792 3010 locum.
864 2970 921 3009 So
955 2970 1063 3008 Ann.
1098 2969 1157 3010 iii.

202 3033 223 3077 7
231 3037 266 3074 5,
289 3038 314 3075 4
335 3024 565 3077 principem
584 3025 627 3064 in
655 3025 821 3065 civitate
848 3024 987 3064 locum
1011 3024 1160 3064 studiis

200 3080 391 3120 civilibus
411 3086 645 3120 assecutus:
678 3093 741 3133 cp.
763 3079 943 3133 primum
971 3079 1160 3119 obtinent

197 3135 339 3175 locum
360 3136 424 3175 38.
447 3145 510 3184 11,
530 3134 678 3174 below.

246 3201 282 3241 5.
313 3191 491 3229 sectari.
553 3190 634 3242 Cp.
660 3188 897 3229 adsectabar
921 3190 957 3229 2.
985 3195 1021 3240 7.

244 3243 282 3283 6.
303 3244 491 3283 iudiciis
506 3274 514 3282 .
526 3274 535 3282 .
549 3247 874 3285 contionibus:
893 3243 941 3283 of
950 3246 961 3265 ‘
973 3241 1160 3283 forensic’

197 3299 278 3338 and
294 3302 305 3321 ‘
321 3299 589 3340 deliberative
603 3298 612 3314 ’
630 3304 822 3351 oratory:
843 3310 910 3338 see
925 3311 978 3337 on
994 3298 1078 3338 line
1097 3309 1159 3349 15,

196 3354 343 3394 below.
884 3355 886 3358 “

244 3411 584 3448 altereationes.
616 3407 708 3447 The
720 3407 930 3447 altercatio
942 3420 1026 3447 was
1042 3420 1066 3446 a
1079 3406 1162 3446 dis-

198 3463 360 3502 cussion
381 3463 565 3503 between
585 3463 690 3502 rival
710 3462 903 3514 speakers
929 3461 1086 3502 carried
1107 3474 1162 3501 on

198 3517 240 3556 in
270 3517 339 3556 the
359 3530 452 3568 way
472 3517 521 3557 of
545 3517 658 3557 short
686 3530 863 3556 answers
886 3516 969 3555 and
998 3521 1159 3564 retorts,

198 3571 381 3611 whether
395 3572 436 3610 in
450 3586 474 3611 a
490 3571 784 3620 court-of-law,
801 3571 843 3610 in
859 3571 929 3611 the
944 3577 1096 3620 senate,
1113 3583 1162 3610 or

198 3638 252 3665 on
274 3639 299 3664 a
319 3625 462 3678 public
481 3626 690 3678 platform.
740 3626 789 3665 In
802 3625 976 3677 judicial
996 3638 1110 3666 cases
1128 3625 1162 3665 it

196 3680 397 3721 followed
419 3680 556 3733 (when
576 3680 758 3722 resorted
782 3681 844 3733 to)
866 3680 935 3722 the
953 3680 1161 3722 examina-

1764 1457 1800 1501 7.
1830 1448 2030 1501 exciperet
2048 1479 2058 1489 .
2081 1478 2092 1488 .
2114 1477 2123 1486 .
2145 1446 2213 1486 in-

1317 1505 1354 1544 8.
1385 1516 1564 1556 magnus
1586 1516 1687 1544 corr.
1710 1503 1754 1554 B,
1778 1516 1947 1556 magnos
1965 1502 2210 1552 ADCHV2.

1245 1601 1335 1641 tion
1344 1600 1617 1651 oswitnesses‚
1625 1600 1763 1642 which
1772 1614 1856 1641 was
1862 1601 1905 1640 in
1914 1601 2078 1641 Roman
2085 1612 2212 1653 usage

1236 1656 1436 1709 preceded
1445 1657 1497 1707 by
1508 1656 1578 1697 the
1590 1656 1702 1695 main
1715 1656 1907 1708 speeches
1914 1656 1978 1696 sor
1990 1655 2061 1696 the
2073 1668 2212 1709 prose-

1245 1711 1385 1751 cution
1398 1710 1479 1750 and
1492 1710 1659 1750 defence
1675 1711 1780 1762 (Cic.
1795 1710 1836 1750 in
1851 1710 1968 1751 Verr.
1980 1710 2006 1751 i.
2031 1722 2067 1760 1,
2086 1715 2106 1758 ξ
2123 1710 2210 1761 55).

1245 1766 1286 1804 Α
1306 1765 1468 1805 famous
1487 1766 1671 1806 instance
1687 1766 1728 1805 in
1744 1764 1814 1805 the
1829 1771 1969 1806 senate
1984 1765 2020 1805 is
2034 1766 2106 1805 the
2121 1766 2210 1804 dia·

1246 1819 1372 1872 logue
1387 1820 1568 1860 between
1585 1820 1732 1860 Cicero
1745 1820 1825 1859 and
1839 1819 2016 1860 Clodius
2032 1819 2103 1872 (ad
2117 1820 2207 1860 Att.

1246 1875 1273 1914 i.
1293 1873 1355 1922 16,
1379 1874 1422 1927 8)
1441 1888 1450 1914 :
1472 1887 1536 1927 cp.
1551 1876 1663 1914 Brut.
1682 1880 1701 1923 ξ
1721 1886 1797 1927 159
1812 1875 1897 1914 iam
1913 1875 1955 1914 in
1970 1874 2210 1914 altercando

1247 1929 1458 1980 (Crassus)
1473 1929 1627 1970 invenit
1643 1942 1784 1982 parem
1800 1930 2019 1970 neminem.
2044 1929 2135 1969 The
2147 1929 2210 1968 al·

1247 1983 1417 2024 tercatio
1431 1984 1557 2033 (actio
1577 1985 1711 2024 brevis
1731 1990 1854 2036 atque
1869 1987 2044 2032 concisa,
2065 1984 2208 2035 Quint.

1246 2039 1300 2078 vi.
1318 2051 1357 2090 4,
1378 2039 1420 2086 2)
1441 2039 1477 2078 is
1495 2038 1650 2090 always
1670 2037 1858 2092 opposed
1878 2044 1922 2079 to
1938 2044 2142 2091 perpetua
2162 2051 2210 2078 or

1245 2094 1445 2133 continua
1457 2093 1591 2133 oratio
1607 2094 1715 2145 (Liv.
1732 2094 1786 2134 iv,
1800 2093 1838 2141 6,
1854 2103 1894 2134 1:
1916 2092 2016 2133 Tac.
2029 2093 2209 2135 Hist.iv.

1248 2155 1285 2200 7,
1308 2148 1365 2199 2),
1387 2147 1468 2187 and
1488 2147 1519 2187 it
1542 2148 1726 2200 required
1749 2148 1819 2189 the
1845 2153 2000 2188 utmost
2027 2147 2127 2187 skill
2151 2160 2207 2188 on

1245 2202 1317 2242 the
1345 2209 1436 2255 part
1462 2202 1510 2242 of
1532 2203 1601 2242 the
1625 2204 1879 2255 disputants:
1910 2204 2137 2255 asperrima
2164 2203 2209 2242 in

1245 2255 1325 2297 hac
1344 2264 1460 2310 parte
1489 2257 1704 2298 dimicatio
1732 2262 1794 2298 est
1821 2270 1898 2298 nec
1925 2258 2029 2297 alibi
2057 2257 2208 2297 dixeris

1245 2313 1380 2364 magis
1399 2325 1593 2352 mucrone
1612 2312 1800 2365 pugnari,
1823 2312 1965 2364 Quint.
1988 2312 2042 2351 vi.
2063 2325 2101 2364 4,
2123 2324 2163 2364 4.

1304 2376 1339 2419 7.
1371 2371 1519 2414 utque
1554 2370 1622 2407 sie
1651 2370 1866 2415 dixerim,
1897 2367 1961 2407 for
1987 2367 2057 2407 the
2091 2378 2207 2407 more

1245 2421 1437 2462 classical
1455 2425 1466 2442 ‘
1478 2427 1523 2462 ut
1538 2421 1597 2462 ita
1611 2422 1748 2462 dicam
1764 2435 1773 2462 τ
1787 2419 1798 2437 ’
1819 2435 1866 2461 so
1883 2423 1948 2461 40.
1966 2422 2039 2463 18:
2061 2421 2204 2462 Germ.

1245 2476 1290 2516 ii.
1338 2489 1363 2527 4
1382 2491 1393 2516 ε
1448 2476 1559 2516 Ann.
1606 2477 1689 2516 xiv.
1735 2487 1802 2527 53,
1850 2487 1911 2528 14,
1956 2476 2092 2516 where
2139 2489 2207 2517 see

1246 2531 1280 2569 F
1283 2533 1495 2571 urneaux's
1523 2536 1633 2571 note.
1691 2531 1770 2584 Cp.
1794 2531 1934 2583 Quint.
1958 2545 1996 2573 x,
2022 2543 2060 2581 2,
2084 2542 2147 2582 15.

1302 2587 1338 2626 8.
1370 2589 1661 2626 constantiae
1666 2588 1694 2635 ,‘
1706 2585 2065 2639 sels-possession,’
2074 2585 2209 2626 readi-

1245 2653 1350 2680 ness.

1290 2708 1328 2747 9.
1353 2697 1536 2744 iudicii,
1546 2694 1594 2734 of
1601 2695 1751 2734 ‘sound
1758 2693 1977 2747 judgment
1986 2692 2010 2735 ἐ
2028 2694 2205 2748 cp.19.6.

1299 2753 1352 2788 in
1389 2753 1545 2789 media
1581 2752 1701 2789 luce.
1775 2749 1832 2789 So
1870 2753 1881 2772 ‘
1896 2749 2047 2790 sorensi
2086 2748 2208 2800 luce‚'

1245 2804 1334 2844 Cic.
1357 2804 1470 2843 Brut.
1493 2807 1513 2852 ξ
1539 2815 1615 2854 32:
1647 2804 1688 2843 in
1718 2803 1797 2844 hac
1826 2803 1903 2843 fori
1932 2804 2038 2854 luce,
2059 2805 2202 2856 Quint.

1244 2860 1314 2899 xii.
1337 2870 1372 2908 2,
1395 2860 1418 2898 8
1435 2872 1444 2898 z
1475 2863 1544 2899 the
1561 2858 1752 2911 opposite
1767 2859 1801 2898 is
1821 2862 1832 2880 ‘
1845 2859 1981 2899 studia
1998 2860 2039 2898 in
2059 2861 2207 2899 umbra

1245 2911 1448 2962 educata‚'
1478 2914 1587 2952 Ann.
1614 2913 1698 2954 xiv.
1730 2925 1794 2964 53,
1828 2924 1891 2964 14.
1950 2914 2028 2966 Cp.
2063 2914 2204 2966 Quint.

1244 2968 1270 3007 i.
1292 2980 1329 3018 2,
1354 2969 1402 3007 18
1429 2974 1568 3008 orator
1596 2968 1661 3008 cui
1690 2968 1731 3007 in
1760 2968 1942 3008 maxima
1970 2968 2207 3009 celebritate

1245 3028 1286 3063 et
1315 3023 1357 3062 in
1386 3023 1525 3062 media
1554 3023 1612 3063 rei
1643 3023 1837 3075 publicae
1866 3023 1958 3063 lnce
1983 3023 2206 3063 vivendum

1246 3084 1330 3119 est:
1361 3077 1441 3117 and
1462 3078 1526 3117 for
1546 3077 1614 3118 the
1629 3078 1812 3129 frequent
1827 3084 2006 3118 contrast
2021 3079 2205 3118 between

1245 3133 1315 3173 the
1345 3133 1474 3184 shady
1502 3137 1650 3173 retreat
1682 3132 1729 3172 of
1751 3133 1821 3173 the
1850 3133 1995 3173 school
2025 3133 2104 3173 and
2135 3133 2206 3173 the

1247 3200 1354 3240 open
1369 3187 1479 3239 light
1495 3187 1542 3227 of
1551 3187 1748 3240 practical
1760 3188 1843 3236 life,
1857 3187 1946 3228 Cic.
1963 3188 2073 3228 Brut.
2092 3191 2113 3236 ξ
2130 3195 2202 3239 37:

1246 3243 1298 3283 de
1318 3243 1436 3283 Orat.
1457 3243 1484 3282 i.
1508 3245 1528 3290 §
1552 3250 1654 3295 157:
1689 3242 1759 3282 Or.
1784 3244 1804 3289 ξ
1829 3242 1906 3293 64:
1938 3242 2081 3294 Quint.
2103 3257 2142 3282 x.
2163 3253 2202 3294 5,

1251 3306 1313 3348 17,
1334 3297 1466 3337 where
1486 3310 1553 3337 see
1573 3302 1694 3338 note:
1724 3297 1780 3336 ib.
1802 3297 1873 3336 xii.
1895 3295 1936 3345 6,
1957 3311 1996 3349 4.

1307 3363 1370 3392 10.
1403 3355 1531 3391 inter
1550 3354 1653 3398 ipsa
1671 3353 1957 3391 discrimina.
2016 3351 2094 3403 Cp.
2113 3351 2202 3392 Cic.

1247 3405 1301 3446 de
1338 3407 1467 3459 Legg.
1500 3406 1559 3446 iii.
1595 3405 1634 3454 6,
1666 3417 1717 3457 14
1759 3405 1980 3445 Phalereus
2017 3406 2088 3445 ille
2121 3407 2207 3446 De-

1247 3462 1415 3501 metrius
1446 3489 1455 3499 .
1495 3491 1504 3500 .
1538 3490 1547 3500 .
1581 3460 1825 3500 mirabiliter
1875 3459 2106 3500 doctrinam
2155 3472 2207 3500 ex

1246 3515 1496 3555 umbraculis
1515 3515 1768 3554 eruditorum
1788 3514 1959 3567 otioque
1978 3528 2059 3554 non
2076 3514 2205 3555 modo

1245 3570 1287 3609 in
1307 3570 1438 3610 solem
1458 3574 1583 3622 atque
1602 3569 1644 3608 in
1670 3569 1893 3622 pulverem,
1912 3569 1985 3609 sed
2005 3570 2047 3608 in
2067 3570 2205 3622 ipsum

1245 3625 1464 3665 discrimen
1483 3624 1697 3676 aciemque
1717 3624 1924 3676 produxit.

1306 3690 1371 3721 11.
1403 3680 1639 3721 contrarie
1660 3681 1790 3729 dicit,
1813 3679 1842 3720 i.
1857 3692 1893 3721 e.
1923 3678 2089 3719 sibimet
2117 3678 2206 3732 ipse
