2424 4166
668 239 1066 292 DIALOGUS
1097 241 1213 290 DE
1248 241 1392 292 ΘΚΑ
1407 242 1754 294 TORIBUS.
2145 259 2208 297 21

215 410 313 455 aut
361 402 561 456 salutat
604 411 701 456 aut
751 404 1138 473 prosequitur?
1201 406 1422 474 Nempe
1465 406 1509 458 si
1553 406 1761 459 amicus
1812 406 1941 467 eiuS,
1993 406 2037 458 si
2087 425 2210 475 pro-

214 495 466 563 pinquu5‚
497 496 542 547 si
570 496 806 565 denique
841 498 957 564 ipse
985 498 1039 549 in
1075 498 1300 565 aliquod
1336 498 1621 565 negotium
1658 499 1924 563 inciderit,
1960 499 2031 550 ad
2067 499 2210 552 hunc

216 588 530 642 Secundum
566 598 802 643 recurret
833 599 929 644 aut
959 593 1030 644 ad
1058 601 1128 656 te,
1156 590 1422 655 Materne,
1450 609 1561 644 non
1588 592 1719 660 quia
1744 600 1910 660 poeta
1936 610 2006 657 es,
2034 610 2211 661 neque

212 689 274 733 ut
304 698 402 749 pro
436 699 502 734 eo
527 700 715 735 versus
747 683 949 747 facias;
986 684 1042 735 hi
1073 685 1219 736 enim
1257 684 1431 737 Basso
1466 685 1619 737 domi
1655 693 1962 749 nascuntur,
1998 686 2210 753 pulchri

211 774 435 841 quidem
474 783 529 828 et
567 777 800 841 iucundi,
838 795 1075 846 quorum
1113 787 1300 831 tamen
1340 778 1429 831 hic
1467 779 1788 840 exitus‘est‚
1830 787 1890 831 ut
1925 796 2050 832 cum
2090 788 2210 833 toto

210 884 370 938 ann-0,
391 886 489 936 per
507 887 697 922 omnes
725 871 858 932 dies,
887 889 1088 940 magna
1109 872 1354 923 noctium
1383 879 1539 941 parte
1559 889 1727 924 unum
1756 873 1953 924 librum
1981 874 2209 926 excudit

210 969 267 1014 et
304 961 658 1026 elucubravit,
685 982 878 1033 rogare
917 966 1062 1018 ultro
1102 972 1158 1017 et
1194 966 1403 1018 ambire
1444 974 1671 1033 cogatur
1708 973 1770 1017 ut
1807 967 1917 1018 sint
1955 966 2048 1032 qui
2086 966 2205 1034 dig-

208 1061 408 1106 nentur
437 1057 637 1122 audire,
669 1066 723 1110 et
749 1076 817 1110 ne
844 1058 898 1110 id
927 1059 1150 1127 quidem
1175 1060 1378 1127 gratis;
1419 1076 1547 1110 nam
1575 1066 1631 1110 et
1657 1061 1885 1112 domum
1925 1067 2208 1112 mutuatur

208 1154 264 1198 et
290 1148 622 1202 auditorium
650 1152 886 1204 exstruit
912 1161 968 1205 et
1001 1152 1260 1204 subsellia
1291 1152 1550 1205 conducit
1586 1160 1641 1204 et
1675 1151 1890 1205 libellos
1926 1151 2206 1219 dispergit.

208 1240 285 1292 Et
316 1250 377 1295 ut
409 1242 758 1297 beatissimus
789 1246 1170 1298 recitationem
1206 1246 1322 1296 eius
1359 1254 1587 1298 eventus
1624 1254 1999 1314 prosequatur,
2027 1246 2206 1298 omnis

205 1333 312 1386 ista
345 1333 466 1387 laus
500 1337 640 1390 intra
672 1355 844 1390 unum
878 1347 970 1391 aut
1006 1339 1238 1391 alterum
1266 1339 1426 1402 diem,
1456 1339 1606 1392 velut
1642 1340 1695 1391 in
1733 1339 1903 1392 herba
1933 1338 2022 1391 vel
2057 1338 2191 1392 flore

346 1451 408 1481 10.
436 1447 496 1481 est
513 1443 589 1493 AB
612 1443 693 1495 (for
710 1445 845 1496 eius):
876 1458 958 1484 om.
984 1445 1042 1485 H.
1325 1455 1387 1485 12.
1415 1445 1605 1485 decurret
1623 1445 1868 1495 Gronovius,
1890 1445 2056 1486 Novak.

888 1511 950 1538 20.
981 1500 1062 1539 ista
1081 1499 1184 1541 AB:
1216 1500 1292 1539 illa
1311 1499 1513 1550 CDHV2.

262 1592 323 1623 10.
357 1586 565 1632 Nempe:
597 1587 714 1640 ‘why
732 1588 894 1641 surely.'

264 1647 325 1678 11.
355 1643 599 1686 negotium
624 1656 634 1681 ε
708 1656 824 1683 some
883 1642 1163 1683 troublesome

202 1690 397 1742 business,
420 1694 632 1748 involving
660 1710 712 1737 an
739 1699 878 1738 action
899 1704 940 1738 at
960 1697 1064 1737 law:
1095 1710 1157 1750 cp.

201 1752 300 1786 note
320 1761 374 1787 on
393 1750 570 1801 negotia,
592 1753 658 1792 38.
680 1764 718 1803 9.

260 1812 326 1843 12.
354 1810 576 1845 recurret.
626 1806 717 1845 The
735 1806 832 1846 verb
853 1819 996 1847 occurs
1016 1806 1056 1845 in
1077 1805 1160 1846 this

201 1867 316 1896 sense
347 1856 436 1897 also
476 1859 518 1898 in
557 1859 821 1911 Quintilian:
860 1863 923 1901 Pr.
957 1865 976 1909 ξ
1012 1868 1060 1912 17
1090 1874 1158 1900 ne-

201 1922 313 1951 eesse
343 1918 404 1952 est
434 1913 488 1952 ad
522 1927 592 1954 eos
627 1916 851 1968 aliquando
879 1922 1065 1956 auctores
1096 1929 1157 1956 re-

200 1978 372 2014 currere,
393 1968 492 2020 qui.
518 1997 528 2008 .
551 1982 587 2009 .:
619 1969 645 2009 i.
675 1969 715 2019 6,
740 1981 803 2021 13.

201 2018 393 2062 however
411 2036 527 2063 more
547 2023 747 2064 classical.

258 2085 319 2125 13.
360 2079 489 2116 domi
534 2084 808 2128 nascuntur,
854 2092 880 2119 a
925 2078 1159 2132 proverbial

199 2130 450 2181 expression,
471 2133 571 2172 used
591 2133 638 2172 of
660 2133 773 2174 what
792 2147 870 2173 one
890 2146 1096 2186 possesses
1116 2134 1157 2173 in

199 2184 455 2234 abundance,
475 2186 557 2225 and
577 2187 676 2227 does
694 2195 769 2228 not
792 2188 895 2228 need
922 2193 967 2227 to
995 2189 1156 2227 borrow

152 2261 154 2263 >
199 2237 305 2278 from
333 2239 564 2282 elsewhere.
621 2241 678 2283 So
707 2242 843 2282 Plaut.
873 2242 976 2282 Cist.
997 2242 1039 2281 ii.
1064 2253 1097 2290 1,
1132 2254 1151 2280 2

198 2291 307 2333 hane
325 2306 404 2346 ego
432 2295 484 2334 de
509 2308 576 2335 me
602 2296 878 2336 coniecturam
899 2297 1013 2336 domi
1032 2296 1153 2345 facio,

197 2360 250 2387 ne
269 2360 462 2399 quaeram
482 2349 593 2389 foris.
633 2351 711 2403 Cp.
733 2351 820 2392 Cic.
838 2350 970 2392 Acad.
991 2351 1033 2390 ii.
1057 2354 1076 2400 ξ
1101 2352 1153 2389 80

199 2402 314 2441 domi
361 2403 481 2443 nobis
522 2404 603 2444 ista
639 2413 857 2445 nascuntur
892 2405 1043 2458 (where
1076 2406 1150 2445 Dr.

199 2456 306 2496 Reid
326 2457 447 2497 refers
465 2464 510 2498 to
530 2459 663 2499 Plaut.
683 2460 777 2500 Mil.
800 2460 917 2500 Glor.
938 2471 1017 2512 194
1036 2459 1151 2499 domi

197 2510 343 2552 habet:
375 2525 439 2564 cp.
455 2512 548 2553 Cas.
569 2514 611 2553 ii.
635 2524 674 2563 3,
696 2515 719 2553 8
741 2515 1015 2555 coniecturam
1035 2514 1150 2554 domi

196 2565 306 2605 facio
331 2567 464 2618 magis
492 2581 616 2620 quam
645 2581 694 2607 ex
723 2569 898 2609 auditis:
929 2568 1083 2621 Amph.
1106 2570 1149 2608 ii.

200 2631 239 2669 2,
261 2633 283 2672 5
304 2619 347 2659 id
365 2633 474 2662 nunc
494 2624 682 2674 experior
701 2623 830 2664 domo
849 2629 971 2675 atque
990 2623 1080 2676 ipsa
1099 2623 1151 2663 de

196 2687 263 2714 me
296 2674 426 2728 sci0):
467 2677 582 2716 domi
610 2683 684 2722 est,
712 2679 801 2719 Att.
829 2692 866 2717 x.
901 2690 978 2729 14:
1022 2678 1149 2718 domo

195 2734 321 2782 peteS‚
345 2731 462 2770 Fam.
496 2732 564 2770 vii.
603 2742 680 2783 25:
733 2735 822 2772 Att.
857 2734 883 2772 i.
922 2744 987 2784 19,
1019 2744 1068 2783 3:
1111 2747 1150 2772 κ.

199 2794 347 2847 ¹43..²²
406 2786 461 2825 ad
498 2786 616 2827 Fam.
654 2787 709 2826 ix.
750 2799 789 2839 3,
831 2799 879 2828 2:
937 2788 1031 2827 Sen.
1071 2787 1150 2840 Ep.

194 2850 306 2879 xx111.
328 2850 365 2889 3.

254 2903 314 2944 14.
345 2906 544 2940 quorum
565 2900 748 2937 tamen:
777 2895 938 2948 though
966 2896 1063 2949 they
1090 2910 1150 2937 re-

194 2946 278 2986 sult
297 2948 339 2987 in
357 2949 545 3002 nothing,
565 2957 711 3003 except
730 2951 830 3000 that,
854 2954 930 2991 &c.

253 3012 314 3053 15.
345 3007 538 3044 excudit,
584 3010 632 3045 et
678 3008 998 3046 elucubravit:
1047 3010 1057 3027 ‘
1072 3004 1148 3044 has

194 3055 431 3098 hammered
468 3065 552 3108 out,
585 3072 682 3099 over
719 3060 790 3100 the
826 3059 1032 3112 midnight
1060 3060 1148 3099 oi1.'

195 3109 276 3162 Cp.
304 3111 394 3152 Cic.
413 3112 467 3152 ad
486 3114 576 3153 Att.
596 3127 661 3153 xv.
685 3121 750 3165 27,
780 3125 799 3153 2
831 3114 1045 3154 Excudam
1073 3113 1148 3153 ali-

195 3164 294 3216 quid
323 3162 630 3217 ·Ηρακλειδεῖον,
668 3169 779 3221 quod
815 3167 943 3209 lateat
980 3168 1020 3207 in
1058 3169 1146 3207 the-

195 3219 324 3260 sauris
351 3221 460 3263 tuis:
492 3223 573 3261 and
602 3222 667 3262 for
695 3222 852 3263 similar
871 3222 1018 3275 figures
1037 3223 1145 3262 Plin.

193 3272 220 3311 i·
254 3284 293 3323 3,
323 3287 351 3326 4
376 3275 523 3328 effinge
552 3276 710 3330 aliquid
741 3284 783 3317 et
814 3277 994 3318 excude:
1039 3277 1144 3318 Hor.

195 3327 249 3367 A.
262 3328 308 3368 P.
324 3340 397 3381 441
418 3344 429 3370 ε
447 3331 539 3371 also
554 3331 647 3382 Juv.
663 3331 734 3372 vii.
745 3342 794 3383 55
806 3331 1015 3372 communi
1028 3331 1147 3371 feriat

195 3392 355 3423 carmen
374 3384 534 3424 triviale
554 3393 733 3426 moneta.
791 3387 875 3426 For
888 3386 1147 3426 elucubravit

195 3448 259 3487 cp.
289 3437 377 3477 Cic.
409 3439 518 3479 Brut.
552 3443 572 3488 ς
605 3451 680 3491 312
717 3440 871 3481 multae
902 3439 1142 3491 (orationes)

194 3501 296 3541 quas
324 3504 407 3531 non
435 3494 570 3534 minus
597 3494 817 3547 diligenter
844 3494 1075 3535 elaboratas
1104 3501 1145 3535 et

193 3548 389 3596 tanquam
407 3547 667 3588 elucubratas
686 3548 968 3589 afferebamus.

251 3597 312 3638 16.
342 3612 505 3648 rogare
525 3605 664 3643 ultro.
721 3603 886 3643 Instead
902 3603 950 3642 of
959 3602 1145 3654 deriving

191 3654 380 3694 material
407 3656 637 3709 advantage
656 3657 763 3697 from
793 3657 856 3697 his
884 3670 1042 3710 poemS‚
1063 3657 1144 3697 and

860 1972 1095 2011 Decurrere
1124 1971 1168 2009 is⁴

1250 1589 1375 1641 being
1393 1589 1564 1629 courted
1594 1602 1648 1628 on
1675 1588 1783 1629 their
1808 1594 1997 1637 account,
2015 1588 2086 1629 the
2105 1595 2206 1642 poet

1249 1643 1324 1682 has
1337 1643 1520 1695 actually
1527 1648 1570 1682 to
1579 1656 1635 1694 go
1647 1643 1775 1684 about
1788 1644 1868 1683 and
1881 1650 2039 1695 request
2051 1645 2204 1697 people

1247 1703 1293 1738 to
1313 1698 1363 1737 be
1383 1699 1495 1750 good
1510 1697 1674 1750 enough
1694 1704 1738 1738 to
1757 1698 1850 1749 give
1866 1697 1953 1737 him
1974 1712 1999 1737 a
2017 1697 2201 1750 hearing.

1302 1760 1364 1804 17.
1394 1756 1582 1792 domum
1603 1757 1856 1792 mutuatur.
1887 1752 1942 1792 So
1956 1752 2048 1804 JuV.
2063 1753 2132 1792 vii.
2149 1765 2204 1804 40

1244 1807 1483 1847 commodat
1513 1807 1659 1847 aedes:
1700 1807 1805 1848 Plin.
1835 1808 1914 1859 Ep.
1944 1807 2029 1846 viii.
2064 1820 2102 1857 2,
2134 1811 2154 1855 ξ
2181 1820 2200 1846 2

1243 1862 1414 1901 domum
1443 1875 1557 1902 suam
1588 1862 1853 1902 recitantibus
1882 1862 2062 1914 praebet.
2121 1863 2200 1914 Cp.

1244 1915 1337 1955 Sen.
1371 1917 1447 1968 Ep.
1482 1930 1605 1957 xcw:
1645 1916 1752 1956 Plin.
1785 1916 1861 1968 Ep.
1895 1927 1930 1965 1,
1971 1926 2044 1966 13:
2089 1915 2202 1957 Suet.

1244 1970 1392 2010 Claud.
1414 1970 1509 2011 xli.:
1541 1970 1623 2010 and
1643 1970 1792 2022 Mayor
1810 1984 1863 2010 on
1883 1970 1975 2022 Juv.
1997 1970 2053 2011 iii.
2080 1983 2120 2023 9.

1303 2027 1363 2066 18.
1392 2028 1595 2075 libellos,
1623 2023 1976 2077 ‘programmesz’
2014 2038 2079 2077 cp.
2111 2025 2198 2066 Cic.

1242 2078 1349 2118 Phil.
1379 2080 1420 2118 ii.
1449 2083 1469 2127 ξ
1491 2088 1543 2132 97
1566 2079 1870 2131 ‘gladiatorum
1899 2078 2090 2130 libellos,'
2116 2079 2201 2120 like

1242 2146 1317 2172 our
1330 2133 1537 2186 playbills.
1594 2133 1650 2173 So
1665 2135 1781 2186 prob.
1804 2133 1928 2173 Mart.
1951 2134 2031 2173 xiv.
2057 2146 2130 2184 142
2156 2134 2200 2174 Si

1240 2188 1478 2228 recitaturus
1497 2187 1648 2227 dedero
1668 2188 1744 2228 tibi
1765 2188 1870 2228 forte
1889 2188 2078 2228 libellum
2101 2189 2199 2229 Hoc

1239 2242 1374 2282 focale
1394 2248 1487 2282 tuas
1506 2243 1669 2282 adserat
1692 2242 1906 2282 auriculas.
1966 2242 2015 2281 In
2038 2244 2114 2295 Ep.
2137 2244 2197 2283 iii.

1244 2298 1292 2335 18
1323 2297 1441 2348 Pliny
1461 2309 1642 2349 opposes
1672 2295 1857 2337 ‘libelli'
1886 2302 1930 2336 to
1963 2295 2198 2337 ‘codicilli'

1242 2351 1342 2403 (non
1372 2365 1445 2404 per
1471 2351 1702 2399 codicillos,
1722 2364 1805 2390 non
1831 2364 1904 2403 per
1930 2350 2099 2391 libellos
2120 2382 2129 2391 .
2151 2383 2160 2392 .
2184 2383 2193 2392 .

1238 2405 1476 2458 admoniti),
1498 2406 1567 2445 the
1587 2405 1709 2446 latter
1727 2405 1852 2457 being
1874 2405 2035 2445 ‘letters
2066 2405 2114 2445 of
2135 2406 2194 2445 in-

1235 2459 1439 2509 vitation‚’
1459 2466 1504 2500 to
1519 2460 1654 2500 which
1675 2459 1897 2512 ‘dispergit
1911 2458 1921 2476 ’
1941 2458 2037 2499 here
2052 2460 2195 2500 would

1235 2514 1288 2554 be
1306 2514 1455 2566 hardly
1473 2528 1520 2554 so
1540 2514 1788 2566 applicable.

1295 2580 1358 2621 19.
1399 2572 1710 2609 beatissimus
1786 2569 1934 2609 Cicero
1983 2569 2082 2608 does
2118 2576 2193 2608 not

1235 2624 1365 2675 apply
1406 2623 1545 2663 beatus
1587 2629 1632 2663 to
1678 2622 1844 2675 things:
1894 2635 1958 2675 cp.
2001 2623 2193 2663 however

1238 2678 1379 2729 Quint.
1404 2691 1441 2717 x.
1468 2689 1502 2724 1,
1523 2677 1571 2717 61
1596 2678 1676 2717 and
1699 2689 1806 2729 109;
1834 2678 1891 2717 ib.
1914 2688 1950 2727 3,
1976 2689 2039 2717 22.

1295 2744 1356 2771 20.
1387 2746 1537 2772 unum
1557 2738 1638 2773 aut
1656 2735 1855 2772 alterum
1873 2746 1882 2771 :
1912 2734 1986 2772 See
2002 2744 2055 2771 on
2071 2733 2136 2771 21.
2151 2731 2189 2772 6.

1291 2791 1439 2827 herba
1469 2818 1480 2829 .
1513 2816 1523 2826 .
1557 2817 1567 2826 .
1601 2790 1716 2826 flore
1745 2817 1755 2827 .
1787 2816 1796 2825 .
1827 2815 1838 2827 .
1870 2789 2065 2833 frugem,
2094 2786 2189 2835 leaf,

1236 2841 1388 2890 flower,
1402 2842 1484 2881 and
1499 2842 1608 2882 fruit.
1662 2841 1753 2881 The
1764 2841 1884 2893 glory
1899 2841 1946 2880 of
1955 2841 1987 2880 it
2002 2840 2060 2880 all
2076 2840 2190 2880 fades

1236 2910 1354 2948 away
1364 2898 1445 2948 (cp.
1461 2896 1601 2948 Quint.
1613 2896 1639 2935 i.
1651 2907 1686 2946 3,
1697 2897 1741 2946 3)
1755 2896 1838 2935 like
1850 2909 1874 2934 a
1886 2895 2004 2946 plant
2019 2895 2107 2934 that
2116 2895 2190 2934 has

1235 2951 1338 2991 been
1362 2951 1542 3002 plucked
1566 2950 1705 2990 before
1730 2950 1762 2990 it
1784 2951 1820 2989 is
1846 2950 1960 3002 ripe:
1992 2949 2053 2989 lit.
2075 2953 2187 3001 ‘pre-

1232 3005 1434 3056 maturely
1449 3004 1659 3056 gathered,
1678 3017 1723 3043 as
1738 3005 1770 3043 it
1785 3017 1905 3051 were,
1922 3004 1964 3042 in
1981 3003 2050 3042 the
2065 3003 2188 3042 blade

1234 3073 1281 3099 or
1298 3060 1368 3099 the
1386 3058 1555 3098 bloom.’
1611 3059 1651 3097 A
1663 3058 1817 3098 certain
1834 3057 2040 3108 obscurity
2055 3057 2096 3096 in
2117 3057 2187 3097 the

1232 3113 1510 3166 phraseology
1537 3113 1685 3152 results
1714 3112 1821 3151 from
1853 3124 1906 3150 an
1936 3117 2113 3162 attempt
2141 3117 2187 3151 to

1231 3168 1421 3207 combine
1450 3166 1520 3206 the
1549 3166 1677 3218 figure
1710 3166 1810 3206 with
1838 3166 1907 3205 the
1936 3165 2018 3204 fact
2049 3165 2186 3205 which

1230 3223 1300 3262 the
1340 3221 1469 3272 figure
1510 3221 1762 3260 illustrates:
1812 3219 1908 3259 thus
1950 3219 2054 3258 after
2102 3220 2185 3259 ‘in-

1231 3283 1295 3317 tra
1324 3289 1451 3315 unum
1480 3281 1550 3315 aut
1574 3275 1748 3314 alterum
1777 3271 1916 3323 diem,’
1944 3286 2007 3313 we
2035 3273 2185 3313 should

1230 3331 1334 3370 have
1372 3329 1568 3381 expected
1606 3342 1719 3369 some
1749 3329 1848 3368 such
1880 3328 1995 3367 word
2027 3340 2072 3366 as
2102 3328 2184 3367 ela·

1230 3386 1372 3424 bitur:
1411 3384 1535 3423 while
1569 3381 1837 3435 ‘praecepta'
1869 3383 1905 3421 is
1935 3382 2083 3434 hardly
2111 3395 2184 3434 ap-

1229 3439 1411 3492 plicable
1443 3445 1487 3478 to
1517 3442 1527 3460 ‘
1547 3438 1681 3477 omnis
1711 3438 1792 3476 ista
1825 3435 1945 3476 laus?
2001 3436 2085 3475 For
2112 3437 2183 3477 the

1228 3493 1475 3546 expression,
1509 3505 1574 3545 cp.
1606 3492 1720 3531 Hist.
1750 3505 1786 3530 v.
1819 3498 1854 3542 7,
1885 3502 1907 3542 5
1940 3491 2024 3530 sive
2053 3490 2181 3530 herba

1227 3555 1344 3588 tenus
1374 3553 1445 3587 aut
1478 3546 1577 3586 flore
1612 3559 1683 3585 seu
1720 3545 1896 3585 solidam
1926 3545 1968 3584 in
2000 3545 2180 3598 speciem

1228 3603 1467 3643 adolevere:
1493 3600 1574 3639 and
1591 3600 1889 3652 sorpraecepta,
1906 3599 2016 3640 Hist.
2033 3600 2092 3639 iii.
2114 3610 2179 3650 15,

1232 3668 1282 3697 10
1297 3656 1488 3697 festinato
1499 3655 1656 3707 praelio
1669 3655 1883 3694 victoriam
1896 3653 2182 3708 praecepisset.

2241 433 2290 462 10

2236 891 2282 932 Ι5

2233 1354 2284 1382 20
