2424 4166
260 255 331 312 52

919 242 1311 295 CORNELII
1346 242 1433 291 TA
1448 242 1533 294 CI
1533 241 1614 292 TI

186 407 238 437 20
261 386 556 456 quisquam
588 385 820 439 adsistat
846 386 980 454 quin
1008 385 1295 438 elementis
1333 385 1660 447 studiorum,
1687 383 1790 438 etsi
1818 399 1930 435 non
1959 382 2270 446 instructuS,

259 491 318 535 at
358 489 505 535 certe
546 481 791 533 imbutus
829 479 919 544 sit,
962 480 1118 532 novis
1167 487 1223 531 et
1273 479 1563 547 exquisitis
1604 478 1950 547 eloquentiae
1987 477 2270 529 itineribus

259 593 400 644 opus
427 583 526 639 est,
564 592 660 642 per
685 590 827 641 quae
853 581 1040 625 orator
1065 573 1346 625 fastidium
1377 572 1591 625 aurium
1629 572 1874 639 effugiat,
1901 570 2094 638 utique
2118 569 2268 637 apud

260 686 354 721 eos
391 668 599 720 iudices
636 667 730 735 qui
756 667 809 719 vi
847 674 903 719 et
941 675 1237 736 potestate,
1265 683 1375 719 non
1416 666 1532 718 iure
1557 673 1653 718 aut
1679 665 1894 734 legibus
1919 671 2272 732 cognoscunt,

263 779 363 815 nec
393 762 668 830 accipiunt
694 768 947 828 tempora
972 762 1068 812 sed
1097 761 1455 823 constituunt,
1474 776 1575 810 nec
1601 759 2036 827 exspectandum
2062 756 2272 809 habent

262 864 537 909 oratorem
569 855 701 906 dum
737 853 814 905 illi
841 854 1011 906 libeat
1042 854 1113 906 de
1139 853 1261 922 ipso
1300 853 1525 920 negotio
1564 853 1761 916 dicere,
1788 853 1885 904 sed
1924 868 2088 920 saepe
2126 849 2272 903 ultro

261 951 563 1001 admonent
606 956 775 1015 atque
818 947 928 1000 alio
967 947 1468 1014 transgredientem
1508 953 1768 999 revocant
1811 954 1869 999 et
1912 945 2171 997 festinare
2213 959 2274 995 se
2348 984 2351 996 s

262 1049 552 1095 testantur.

335 1138 446 1192 20.
486 1133 627 1202 Quis
665 1150 810 1186 nunc
841 1132 977 1186 feret
1015 1141 1292 1186 oratorem
1332 1132 1402 1184 de
1435 1132 1754 1185 infirmitate
1779 1131 2112 1186 valetudinis
2142 1145 2275 1183 suae

262 1229 620 1299 praefantem,
646 1226 828 1295 qualia
852 1235 981 1279 sunt
1008 1225 1120 1278 fere
1145 1226 1414 1295 principia
1443 1225 1708 1279 Corvini?
1785 1225 1926 1295 Quis
1951 1226 2195 1293 quinque
2220 1225 2277 1276 in

322 1374 386 1402 20.
407 1362 514 1415 quin
535 1362 731 1410 Muretus,
749 1361 829 1414 qui
845 1360 964 1402 codd.
1006 1361 1084 1401 etsi
1103 1360 1237 1409 codd„
1252 1360 1293 1400 si
1306 1360 1535 1402 Acidalius.

837 1428 901 1469 24.
930 1416 1246 1469 exspectandum
1266 1415 1503 1466 EV2CAH,
1521 1417 1766 1468 expectando
1786 1418 1843 1468 D,
1862 1421 2138 1469 expectantem
2157 1414 2246 1453 AB.

266 1418 353 1472 (see
373 1418 530 1457 Introd.
553 1431 594 1469 p.
615 1416 721 1468 lvii).

323 1562 387 1591 20.
415 1553 507 1590 etsi
527 1562 657 1590 non.
710 1554 790 1590 ‚at
810 1555 951 1603 certe,
966 1563 1012 1590 as
1031 1550 1140 1589 Ann.
1154 1548 1228 1588 xii.

268 1617 432 1657 39,15
490 1605 609 1645 More
643 1579 882 1668 commonly
910 1618 948 1644 ,η
982 1617 1098 1645 non.
1153 1608 1229 1644 ,ωέ

266 1665 380 1709 certe,
404 1660 542 1700 Germ.
578 1660 721 1699 xxxiii.
752 1660 803 1700 8:
850 1660 960 1701 Hist.
983 1660 1036 1700 iv,
1060 1661 1126 1711 58,
1149 1657 1225 1710 36:

268 1715 411 1769 Quint.
431 1714 494 1754 Pr.
522 1719 614 1763 ξ2ε
646 1715 714 1753 xii.
738 1725 802 1759 11,
826 1726 890 1765 31.

324 1781 387 1809 21.
417 1772 660 1808 imbutus:
687 1782 733 1808 as
752 1782 814 1809 we
838 1768 967 1822 speak
988 1768 1074 1808 osa
1095 1751 1227 1809 “tinc-

266 1822 380 1865 ture’
401 1825 450 1863 of
462 1824 663 1875 learning.
720 1823 811 1864 The
836 1824 1076 1876 opposition
1097 1829 1142 1863 to
1162 1823 1229 1862 in-

267 1880 441 1919 stztutus
462 1881 495 1929 (⁴
512 1878 615 1930 fully
635 1877 869 1930 equipped'
875 1885 889 1927 )
911 1879 1092 1918 reminds
1119 1891 1167 1918 us
1186 1877 1235 1917 of

266 1935 337 1974 the
355 1932 649 1985 etymological
669 1933 862 1985 meaning
881 1933 928 1972 of
944 1933 1166 1982 ῑνηύιιενε,ι
1183 1939 1229 1973 to

267 1988 390 2028 make
417 1994 461 2028 to
492 1988 612 2027 drink
641 1987 705 2027 for
733 1987 804 2027 the
833 1987 920 2028 first
947 1985 1078 2036 time,'
1102 1988 1230 2028 hence

270 2041 461 2091 ‘stain,’‘
478 2041 617 2094 tinge.'
665 2042 742 2082 See
761 2041 945 2082 Wsskins
965 2055 1019 2082 on
1040 2042 1092 2082 de
1112 2042 1228 2082 Orat.

266 2098 309 2137 ii.
334 2101 354 2145 ξ
381 2095 455 2136 162
489 2096 630 2149 aliquo
663 2097 748 2136 iam
781 2097 964 2137 imbutus
996 2109 1098 2137 usu:
1140 2097 1230 2137 Cic.

265 2152 373 2192 Phil.
403 2166 442 2191 v.
475 2160 511 2203 7,
547 2163 597 2190 20
629 2152 723 2191 eum
757 2152 884 2191 semel
916 2151 1104 2203 gladium
1139 2165 1229 2191 san-

266 2207 391 2259 guine
419 2207 658 2247 imbuisset:
704 2206 829 2247 Tusc.
850 2207 877 2246 i.
904 2218 955 2258 14
988 2220 1039 2247 an
1069 2213 1114 2246 tu
1143 2206 1230 2246 dia·

265 2262 422 2302 lecticis
441 2275 492 2301 ne
512 2262 695 2301 imbutus
714 2261 881 2313 quidem
906 2263 976 2302 es?
1035 2261 1115 2314 Cp.
1135 2261 1229 2302 Sen-

266 2316 382 2357 Dial.
413 2317 483 2356 xii.
517 2325 579 2368 17,
612 2328 638 2366 4
672 2316 842 2356 Utinam
866 2347 875 2357 .
897 2347 906 2356 .
929 2347 939 2357 .
961 2316 1156 2356 voluisset
1189 2321 1230 2356 te

265 2372 494 2423 praeceptis
515 2371 740 2423 sapientiae
766 2371 919 2411 erudiri
945 2372 1085 2424 potius
1104 2384 1230 2424 quam

266 2426 422 2466 imbui:
453 2426 594 2477 Quint.
615 2426 641 2463 i.
666 2437 703 2474 2,
730 2424 778 2464 16
799 2425 944 2466 litteris
963 2425 1108 2466 saltem
1129 2426 1229 2466 levi-

265 2488 327 2522 ter
346 2481 539 2520 imbutus.
597 2481 673 2531 Cp.
700 2494 752 2524 on
774 2482 812 2520 2.
836 2491 887 2531 14
906 2480 1050 2521 above.

321 2538 459 2575 novis
480 2540 527 2574 et
547 2537 815 2582 exquisitis.
854 2536 930 2587 Cp.
952 2541 1086 2575 vetere
1106 2540 1230 2587 atque

268 2591 424 2630 directa
455 2589 619 2629 dicendi
657 2590 738 2638 via,
770 2589 914 2630 above.
972 2589 1230 2642 Exquisitus

268 2644 464 2697 properly
482 2657 624 2684 means
647 2646 657 2664 ‘
671 2644 822 2695 sought
851 2650 926 2684 out
949 2644 1051 2683 with
1078 2657 1170 2684 care
1186 2643 1197 2662 ’
1219 2657 1230 2683 e

268 2713 315 2739 so
335 2699 570 2738 sometimes
591 2701 600 2719 ‘
619 2697 889 2738 far-setched.’
948 2699 1061 2738 Here
1089 2700 1122 2738 it
1141 2712 1229 2739 cor-

268 2753 470 2806 responds
503 2759 547 2792 to
596 2753 665 2792 the
704 2754 769 2792 Fr.
812 2751 1080 2793 ‘recherche'
1121 2753 1229 2792 ‘dis-

267 2807 461 2860 tingue':
492 2820 555 2859 cp.
579 2807 664 2847 Cic.
693 2808 806 2847 Brut.
841 2811 860 2855 ξ
895 2808 971 2857 283
1001 2807 1230 2848 accuratius

269 2862 480 2915 quoddam
514 2862 678 2901 dicendi
712 2868 752 2902 et
789 2862 1032 2914 exquisitius
1071 2875 1227 2914 genus:

269 2918 323 2957 ib.
362 2921 381 2964 ξ
415 2928 488 2967 321
522 2916 762 2968 exquisitius
789 2922 830 2956 et
863 2917 1032 2957 minime
1059 2917 1229 2969 vulgare

269 2971 467 3011 orationis
495 2984 636 3023 genus.
710 2972 788 3023 Cp.
819 2977 891 3011 too
914 2971 985 3011 the
1014 2972 1229 3012 antithesis

269 3028 451 3066 between
469 3039 600 3066 sermo
619 3031 752 3066 rectus
778 3026 860 3065 and
884 3026 1054 3079 deflexa,
1083 3026 1227 3080 exqui-

271 3081 435 3130 sitz‘ora,
456 3081 598 3132 Quint.
621 3081 663 3120 ii.
687 3094 725 3133 5,
750 3092 812 3120 11.

327 3147 390 3175 22.
421 3149 505 3182 per
533 3149 664 3182 quae.
724 3136 864 3187 Quint.
894 3150 934 3177 x.
963 3147 998 3186 1,
1026 3143 1076 3188 37
1106 3136 1149 3175 in
1178 3136 1230 3177 iis

268 3203 343 3243 per
361 3203 466 3242 quae
484 3203 634 3230 nomen
656 3196 715 3230 est
734 3191 963 3231 adsecutus.

325 3248 572 3285 fastidium
601 3248 800 3285 aurium.
858 3245 994 3285 There
1017 3245 1053 3285 is
1073 3259 1098 3284 a
1118 3244 1227 3284 simi—

269 3300 333 3339 lar
353 3303 363 3323 ‘
379 3300 515 3339 mixed
544 3299 786 3352 metaphor’
811 3300 863 3339 in.
879 3300 969 3340 Cic.
998 3300 1049 3339 de
1073 3300 1144 3339 Or.
1168 3300 1228 3340 iii.

274 3358 294 3402 ξ)
323 3366 395 3406 ¹92
426 3355 587 3394 aurium
617 3355 832 3395 satietate:
869 3367 934 3407 cp.
962 3357 1000 3396 9.
1028 3354 1053 3394 6
1083 3355 1227 3404 above,

271 3422 386 3448 aures
406 3415 609 3461 respuant.

326 3467 506 3512 utique,
575 3466 586 3485 ‘
604 3463 898 3516 particularly,'

271 3518 407 3558 rather
427 3519 525 3557 than
547 3520 558 3539 ‘
573 3525 613 3558 at
633 3516 765 3559 least.'

330 3583 391 3621 23.
419 3575 470 3611 vi
504 3577 551 3612 et
585 3578 832 3621 potestate,
866 3571 916 3612 of
937 3572 1007 3613 the
1041 3571 1231 3612 absolute

271 3639 412 3679 power
433 3627 479 3666 of
494 3641 518 3666 a
543 3627 670 3678 judge
696 3628 842 3679 sitting
864 3627 1069 3679 (possibly
1091 3641 1136 3667 as
1160 3627 1229 3667 the

270 3680 490 3734 emperor's
519 3682 850 3734 representative)
872 3683 914 3722 in
940 3697 965 3724 a
984 3688 1101 3723 court
1121 3682 1227 3722 from

957 3466 970 3485 ‘
981 3462 1230 3517 especially,‘

1650 1373 1670 1400 2
1676 1373 1713 1412 3.
1733 1366 1812 1401 aut
1825 1361 1913 1409 AB,
1929 1366 1968 1401 et
1986 1359 2276 1410 EV2CADH:

1314 1548 1450 1588 which
1482 1548 1597 1589 there
1623 1548 1660 1590 is
1684 1562 1740 1588 no
1767 1547 1933 1602 appeal.
1990 1547 2201 1601 Compare
2221 1559 2278 1587 on

1313 1603 1383 1644 the
1417 1603 1535 1643 other
1567 1604 1677 1644 hand
1710 1605 1775 1645 38.
1809 1611 1830 1655 7
1861 1603 2085 1655 Pompeius
2105 1633 2115 1642 .
2136 1632 2147 1642 .
2169 1633 2180 1642 .
2201 1602 2277 1642 im·

1314 1658 1452 1711 posuit
1485 1659 1619 1698 frenos
1655 1658 1928 1711 eloquentiae,
1961 1659 2020 1697 ita
2054 1663 2194 1697 tamen
2231 1663 2280 1697 ut

1314 1713 1456 1752 omnia
1474 1713 1516 1752 in
1531 1714 1632 1762 foro,
1652 1715 1791 1753 omnia
1810 1713 1985 1766 legibus,
2004 1713 2145 1752 omnia
2165 1712 2280 1765 apud

1313 1773 1523 1821 praetores
1542 1774 1790 1820 gererentur.

1369 1827 1670 1870 cognoscunt.
1727 1823 1812 1862 For
1837 1821 1922 1862 this
1946 1834 2029 1870 use,
2050 1834 2114 1873 cp.
2136 1822 2203 1862 41.
2227 1822 2277 1862 18

1315 1876 1536 1917 elementia
1568 1877 1881 1930 cognoscentis:
1926 1876 2039 1916 Hist.
2060 1877 2116 1917 iv.
2135 1888 2203 1927 42,
2225 1884 2247 1928 7
2265 1889 2275 1917 :

1315 1933 1426 1972 Ann.
1446 1933 1532 1972 xiii.
1555 1932 1692 1985 32‚'9:
1722 1931 1805 1972 and
1830 1931 2059 1984 frequently
2077 1931 2122 1971 in
2149 1931 2278 1983 Quin-.-

1315 1986 1446 2027 tilian.

1374 2054 1437 2090 24.
1467 2044 1838 2088 exspectandum
1866 2043 2056 2081 habent.
2111 2039 2189 2081 See
2221 2053 2278 2081 on

1317 2098 1356 2137 8.
1382 2107 1443 2136 11.

1375 2162 1438 2202 25.
1468 2154 1595 2192 ultro
1641 2153 1911 2191 admonent.
1987 2150 2066 2203 Cp.
2117 2151 2182 2192 39.
2227 2161 2278 2190 10

1316 2206 1415 2258 quia
1476 2219 1599 2259 saepe
1653 2208 1879 2259 interrogat
1934 2205 2056 2245 iudex
2109 2206 2278 2258 quando

1314 2274 1500 2312 incipias.

1374 2315 1436 2355 26.
1466 2318 1672 2356 festinat.
1730 2315 1873 2368 Quint.
1893 2315 1947 2357 iv.
1970 2327 2007 2368 5,
2033 2326 2085 2356 10
2112 2315 2278 2356 festinat

1315 2369 1425 2411 enim
1444 2371 1567 2410 iudex
1585 2371 1639 2410 ad
1659 2371 1703 2410 id
1717 2371 1830 2423 quod
1849 2370 2182 2423 potentissimum
2199 2375 2276 2419 est,

1315 2432 1356 2466 et
1374 2425 1488 2465 velut
1507 2425 1741 2478 obligatum
1761 2427 1965 2478 promisso
1988 2431 2220 2478 patronum,
2241 2425 2278 2465 si

1315 2487 1375 2520 est
1413 2480 1649 2532 patientior,
1687 2481 1838 2521 tacitus
1877 2480 2091 2534 appellat;
2139 2479 2174 2519 si
2210 2479 2279 2520 vel

1316 2540 1542 2587 occupatus
1578 2534 1645 2575 vel
1691 2536 1734 2574 in
1780 2535 1923 2588 aliqua
1964 2540 2173 2587 potestate
2209 2534 2278 2576 vel

1314 2590 1439 2630 etiam
1469 2590 1527 2629 sic
1556 2590 1742 2630 moribus
1768 2589 2037 2643 compositus,
2058 2602 2153 2629 cum
2181 2601 2279 2630 con·

1314 2644 1425 2684 vicio
1444 2642 1653 2697 efflagitat.

1372 2702 1446 2738 20.
1478 2710 1514 2738 2.
1546 2701 1754 2740 corvini.
1831 2698 2062 2751 Quintilian
2099 2697 2218 2739 takes
2250 2711 2278 2739 a

1315 2752 1506 2793 different
1533 2753 1650 2803 view,
1674 2753 1731 2793 iv.
1755 2765 1789 2803 1,
1813 2754 1863 2794 8:
1907 2753 2112 2817 quaedam
2140 2753 2184 2792 in
2211 2753 2278 2793 his

1315 2820 1478 2860 quoque
1514 2783 1820 2848 commendatio
1859 2808 1999 2856 tacita,
2036 2808 2071 2848 si
2108 2820 2185 2847 nos
2215 2807 2278 2847 in-

1314 2862 1469 2908 firmos,
1485 2862 1723 2925 imparatos,
1746 2862 1924 2915 impares
1944 2863 2156 2915 agentium
2177 2874 2278 2902 con·

1315 2922 1379 2956 tra
1402 2916 1579 2969 ingeniis
1598 2917 1838 2966 dixerimus,
1858 2917 2000 2970 qualia
2027 2923 2121 2958 sunt
2139 2916 2275 2970 plera-

1314 2985 1393 3024 que
1423 2971 1644 3012 Messallae
1671 2972 1896 3024 prooemia.
1957 2973 2030 3012 Est
2063 2971 2177 3011 enim
2205 2984 2278 3011 na-

1312 3026 1456 3066 turalis
1467 3027 1582 3066 favor
1597 3039 1673 3079 pro
1687 3026 1985 3076 laborantibus,
1995 3025 2278 3068 &a—Before

1299 3080 1399 3133 fere
1445 3081 1776 3134 (=plerumque)
1816 3081 2036 3121 Gudeman
2083 3093 2276 3122 unneces·

1314 3136 1439 3188 sarily
1457 3149 1655 3189 proposes
1673 3141 1719 3176 to
1736 3135 1858 3176 insert
1876 3136 2044 3177 omnia:
2075 3149 2141 3189 cp.
2162 3137 2227 3177 31.
2250 3144 2274 3189 7

1314 3190 1355 3229 in
1370 3190 1534 3284 iu6dieiis
1545 3191 1629 3232 fere
1644 3191 1695 3231 de
1710 3191 1917 3245 aequitate
1935 3222 1945 3232 .
1961 3221 1971 3232 .
1987 3221 1998 3231 .

1368 3303 1579 3347 quinque
1602 3303 1655 3340 in
1672 3303 1869 3340 Verrem
1895 3302 2071 3341 libros:
2101 3299 2131 3340 i.
2146 3313 2182 3341 e.
2202 3299 2276 3340 the

1315 3353 1394 3394 five
1413 3360 1525 3406 parts
1544 3355 1591 3395 of
1605 3355 1674 3395 the
1693 3355 1815 3395 Actio
1833 3354 2036 3395 Secunda.
2093 3354 2276 3408 Though

1315 3409 1412 3460 they
1439 3422 1545 3449 were
1577 3422 1699 3449 never
1729 3409 1859 3462 really
1886 3409 2106 3455 delivered,
2127 3409 2275 3450 Verres

1315 3463 1469 3515 having
1516 3464 1767 3515 anticipated
1813 3468 2002 3504 sentence
2050 3464 2106 3516 by
2140 3463 2274 3516 flight,

1317 3517 1414 3569 they
1442 3531 1549 3557 were
1585 3531 1641 3557 no
1678 3518 1807 3558 doubt
1840 3518 2041 3571 prepared
2070 3519 2134 3558 for
2169 3519 2275 3571 pub-

1314 3572 1484 3612 lication
1502 3586 1555 3612 on
1572 3572 1642 3612 the
1662 3585 1773 3613 same
1787 3573 1896 3613 scale
1914 3586 1960 3612 as
1975 3573 2123 3613 Cicero
2135 3572 2277 3613 would

1314 3626 1419 3667 have
1447 3626 1623 3668 allowed
1651 3627 1822 3668 himself
1843 3628 1885 3668 in
1913 3628 2111 3681 pleading
2138 3628 2275 3669 before

1314 3682 1383 3723 the
1403 3687 1531 3722 court.

2018 3191 2255 3232 disserimus
2264 3203 2275 3232 z
