2424 4166
281 230 350 298 58

937 233 1324 285 CORNELII
1362 235 1449 285 TA
1463 236 1548 288 CI
1548 237 1633 286 TI

280 373 530 428 redolent
556 375 946 444 antiquitatem
969 394 981 442 ;
1020 394 1118 430 nec
1145 394 1480 446 quemquam
1503 380 1644 432 adeo
1667 380 2033 448 antiquarium
2061 389 2200 450 puto
2221 387 2284 435 ut

283 467 533 520 Caelium
561 488 633 522 ex
660 488 726 522 ea
752 479 909 538 parte
934 470 1123 523 laudet
1148 489 1258 539 qua
1283 473 1539 540 antiquus
1566 480 1664 525 est.

1742 474 2126 526 Concedamus
2152 492 2284 527 sane

202 576 256 605 20
283 560 342 614 C.
361 562 581 615 Caesari
609 571 670 616 ut
696 572 921 633 propter
940 565 1375 631 magnitudinem
1397 566 1794 633 cogitationum
1816 576 1871 619 et
1893 568 2284 635 occupationes

278 671 459 706 rerum
489 657 667 708 minus
694 657 749 707 in
776 657 1090 724 eloquentia
1115 658 1356 711 effecerit
1381 677 1548 727 quam
1584 660 1832 712 divinum
1859 662 1974 713 eius
2000 662 2282 729 ingenium

277 748 613 816 postulabat,
640 759 756 802 tam
796 750 1016 804 hercule
1053 769 1222 819 quam
1264 753 1496 806 Brutum
1535 753 1917 822 philosophiae
1954 772 2086 808 suae
2120 755 2281 807 relin-

277 859 514 909 quamus
565 841 715 911 (nam
767 844 822 896 in
878 845 1218 897 orationibus
1269 846 1534 898 minorem
1589 864 1709 900 esse
1758 848 1905 900 fama
1955 867 2053 901 sua
2112 851 2281 901 etiam

276 935 636 988 admiratores
663 937 776 989 eius
805 936 1095 1008 fatentur):
1135 938 1241 989 nisi
1279 938 1420 991 forte
1458 940 1748 1008 quisquam
1775 949 1872 994 aut
1901 941 2152 995 Caesaris
2179 959 2283 1010 pro
2336 954 2338 957 ·

334 1083 396 1123 18.
427 1084 609 1124 redolent
628 1085 861 1135 ABEV2H‚
883 1086 1065 1135 reddent,
1088 1086 1185 1135 CA,
1198 1086 1342 1126 radent
1359 1088 1414 1126 D.

1548 1099 1610 1129 21.
1643 1089 1788 1129 minus
1808 1103 1890 1130 om.
1916 1091 1964 1131 C.
2101 1102 2166 1142 24.
2193 1091 2286 1131 nisi

260 1137 377 1191 sorte
397 1139 534 1189 codd„
556 1152 662 1179 num
668 1139 787 1192 forte
807 1141 992 1190 Classen,
1014 1153 1085 1181 nec
1090 1141 1189 1193 fere
1210 1142 1458 1189 Gronovius,
1479 1143 1699 1193 Baehrem,
1722 1157 1794 1184 nec
1811 1145 1925 1184 enim
1945 1145 2110 1187 Novak.

274 1262 579 1306 construction.'
641 1265 885 1317 Compositio
905 1264 1235 1316 (σύνθεσις-ὼε

274 1319 560 1360 combination
588 1319 637 1358 of
658 1319 812 1371 words)
845 1321 880 1360 is
913 1321 1076 1360 defined
1110 1322 1152 1360 in
1181 1322 1235 1360 ad

274 1375 457 1414 Herenn.
489 1374 543 1413 iv.
582 1385 644 1422 12,
681 1375 729 1413 18
769 1388 815 1414 as
858 1381 867 1397 ‘
883 1377 1101 1415 verborum
1139 1390 1234 1416 con·

275 1430 447 1469 structio
467 1441 573 1482 quae
592 1429 691 1468 facit
712 1443 854 1470 omnes
872 1437 1012 1483 partes
1033 1431 1233 1471 orationis

273 1483 543 1535 aequabiliter
562 1484 791 1536 perpolitas
805 1482 839 1524 ':
869 1499 932 1538 cp.
951 1485 1093 1537 Quint.
1115 1486 1169 1525 ix.
1189 1498 1229 1536 4,

277 1537 354 1577 116
374 1551 496 1590 quem
517 1539 557 1577 in
580 1546 771 1591 poemate
799 1539 938 1579 locum
963 1540 1090 1580 habet
1109 1542 1231 1580 versi-

272 1593 413 1633 ficatio
433 1606 525 1632 eam
541 1593 583 1631 in
601 1594 785 1633 oratione
798 1595 1057 1647 compositio.
1102 1595 1232 1635 Verba

272 1648 355 1686 and
388 1648 617 1700 compositio
650 1661 718 1688 are
749 1650 984 1701 constantly
1012 1650 1233 1702 conjoined

272 1703 316 1741 in
346 1702 429 1742 this
462 1715 579 1754 way:
627 1716 660 1743 e.
674 1717 715 1755 g.
751 1703 892 1755 Quint.
923 1718 962 1743 x.
995 1715 1032 1752 1,
1071 1709 1090 1753 5
1127 1707 1228 1745 118:

275 1770 313 1805 2,
348 1761 481 1807 §132
527 1768 562 1806 3,
602 1761 621 1805 ξ
656 1770 707 1810 9;
755 1760 819 1798 22.
857 1770 879 1810 5
919 1758 1068 1799 below.
1149 1761 1243 1799 For.

272 1812 398 1851 lzians
414 1812 727 1862 (unconnected,
745 1814 756 1833 ‘
769 1813 999 1853 dislocated
1012 1813 1042 1864 ')
1060 1827 1124 1867 cp.
1140 1815 1230 1855 Cic.

272 1867 344 1907 Or.
370 1869 390 1914 ξ
416 1877 464 1916 32
497 1879 590 1906 cum
618 1867 766 1906 mutila
785 1873 826 1907 et
845 1868 1003 1908 hiantia
1029 1870 1232 1921 quaedam

270 1921 403 1962 locuti
422 1927 538 1960 sunt:
570 1921 712 1972 Quint.
733 1922 818 1963 viii.
838 1922 878 1972 6,
900 1922 951 1961 62
974 1923 1020 1963 fit
1040 1924 1151 1963 enim
1165 1955 1173 1964 .
1192 1956 1201 1965 .
1221 1955 1229 1964 .

271 1975 473 2015 dissoluta
486 1982 525 2015 et
541 1975 659 2016 hians
672 1978 820 2026 oratio,
836 1978 868 2017 si
885 1977 937 2016 ad
949 1979 1231 2019 necessitatem

271 2031 426 2070 ordinis
455 2030 517 2070 sui
542 2032 668 2070 verba
695 2031 946 2083 redigantur,
967 2039 1007 2073 et
1027 2040 1072 2073 ut
1100 2034 1230 2086 quod—

270 2098 350 2137 que
380 2085 522 2135 oritur,
544 2086 602 2124 ita
631 2086 842 2138 proximis,
870 2087 993 2126 etiam
1023 2088 1056 2127 si
1085 2088 1232 2128 vinciri

269 2153 352 2180 non
373 2145 522 2192 potest,
543 2140 951 2193 adligetur.—There
971 2144 1006 2182 is
1026 2142 1075 2182 of
1088 2156 1232 2183 course

270 2208 296 2234 a
314 2207 519 2235 narrower
539 2208 653 2235 sense
673 2196 719 2235 of
740 2195 898 2244 hiatus,
919 2196 982 2236 for
1001 2197 1137 2237 which
1165 2211 1231 2237 see

271 2250 360 2290 Cic.
382 2251 433 2289 de
453 2250 524 2290 Or.
546 2250 603 2289 iii.
628 2254 674 2298 ἐς
701 2258 855 2302 171-2;
889 2251 959 2291 Or.
988 2255 1007 2300 ξ
1035 2264 1100 2301 2ο,
1126 2264 1232 2304 149-

271 2316 337 2355 50,
361 2304 494 2344 where
525 2305 598 2344 Dr.
621 2305 782 2357 Sandys
809 2306 1020 2359 explains:
1051 2310 1063 2328 ‘
1078 2308 1233 2360 Proper

268 2359 388 2410 pains
417 2365 527 2399 must
547 2360 599 2399 be
624 2361 836 2400 bestowed
857 2374 910 2400 on
938 2362 1009 2402 the
1036 2363 1232 2402 relations

268 2414 454 2454 between
475 2414 544 2454 the
563 2414 643 2454 last
662 2415 838 2467 syllable
859 2416 906 2455 of
921 2429 999 2455 one
1012 2417 1128 2456 word
1148 2418 1230 2456 and

269 2469 341 2509 the
362 2468 448 2508 first
468 2469 643 2520 syllable
663 2470 711 2509 of
725 2469 795 2510 the
813 2478 924 2520 next,
945 2484 992 2510 so
1013 2484 1058 2510 as
1076 2478 1120 2511 to
1141 2485 1229 2524 pre-

268 2530 365 2563 vent
384 2524 454 2564 the
481 2537 750 2564 concurrence
771 2525 816 2564 of
837 2524 1006 2578 harshly
1025 2527 1230 2578 sounding

268 2584 519 2618 consonants
537 2591 583 2617 as
602 2578 697 2618 well
717 2592 762 2617 as
781 2579 851 2619 the
867 2579 1165 2632 juxtaposition
1186 2582 1234 2621 of

269 2646 377 2685 open
398 2633 547 2683 words,
569 2635 595 2654 “
613 2639 657 2672 ut
685 2646 785 2673 neve
813 2647 930 2686 asper
958 2647 1100 2674 eorum
1129 2648 1226 2675 con-

268 2700 409 2726 cursus
427 2700 529 2726 neve
548 2688 710 2726 hiulcus
724 2689 777 2728 sit
792 2686 815 2704 ”
840 2689 909 2741 (de
930 2689 1001 2730 Or.
1023 2690 1082 2728 iii.
1105 2688 1227 2740 171).‘

329 2749 392 2792 17.
423 2744 658 2782 inconditi
673 2755 851 2782 sensus.
882 2743 986 2783 This
1005 2744 1040 2783 is
1059 2744 1130 2783 the
1151 2757 1226 2797 op-

269 2797 404 2849 posite
425 2796 473 2835 of
488 2798 552 2836 20.
578 2795 626 2835 16
648 2797 732 2836 sive
752 2810 893 2837 sensus
913 2797 1063 2851 aliquis
1082 2805 1227 2851 arguta

268 2857 310 2891 et
330 2850 442 2890 brevi
471 2851 672 2890 sententia
701 2851 876 2892 effulsit:
910 2852 966 2892 tr.
988 2855 999 2874 ‘
1014 2853 1227 2906 shapeless

268 2906 658 2958 periods,’—sensus
687 2906 811 2958 being
838 2906 932 2946 here
961 2908 1062 2947 used
1088 2908 1136 2947 of
1158 2908 1228 2949 the

267 2960 450 3000 external
487 2961 593 3000 form
627 2961 668 3000 in
701 2961 837 3001 which
874 2962 945 3002 the
983 2962 1163 3015 thought
1193 2963 1227 3003 is

267 3014 488 3067 conveyed.
547 3016 623 3067 Cp.
658 3015 746 3055 Cic.
778 3016 848 3055 Or.
882 3019 903 3064 ξ
934 3028 1011 3068 150
1040 3019 1227 3070 quamvis

266 3070 377 3109 enim
405 3083 549 3109 suaves
575 3082 800 3123 gravesque
827 3072 1066 3120 sententiae,
1091 3077 1228 3112 tamen

267 3125 301 3164 si
335 3124 556 3164 inconditis
588 3125 722 3165 verbis
752 3125 985 3176 efferuntur,
1015 3126 1228 3167 offendunt

267 3192 408 3219 aures:
439 3179 490 3218 de
510 3180 583 3219 Or.
601 3179 657 3218 iii.
682 3184 701 3228 ξ
722 3188 769 3232 17
776 3191 797 3229 3
818 3180 1007 3233 princeps
1026 3182 1228 3222 Isocrates

266 3234 490 3273 instituisse
508 3235 633 3274 fertur
643 3241 686 3274 ut
698 3234 952 3275 inconditam
965 3236 1228 3289 antiquorum

266 3289 430 3328 dicendi
449 3289 784 3329 consuetudinem
805 3319 815 3329 .
829 3320 838 3329 .
856 3321 865 3330 .
883 3290 1063 3342 numeris
1082 3292 1226 3330 astrin-

267 3349 396 3395 geret.
441 3343 498 3383 So
515 3345 615 3395 Agr.
630 3344 688 3383 iii.
708 3353 756 3397 17
772 3344 839 3384 vel
855 3345 1069 3385 incondita
1080 3353 1121 3385 et
1133 3345 1225 3385 rudi

264 3411 378 3438 voce.

327 3453 388 3491 18.
421 3455 636 3492 redolent
654 3452 685 3506 (‘
698 3466 848 3493 savour
868 3453 915 3494 of
924 3453 956 3506 ')
975 3456 1224 3501 antiquita-

267 3510 377 3546 tem.
406 3506 462 3546 So
475 3507 564 3547 Cic.
581 3508 691 3555 Brut.
709 3511 729 3556 ξ
746 3509 795 3547 82
811 3508 1002 3548 exiliores
1018 3509 1224 3549 orationes

268 3566 363 3601 sunt
382 3567 422 3601 et
442 3562 672 3602 redolentes
690 3564 824 3614 magis
843 3563 1143 3615 antiquitatem.

322 3618 656 3666 antiquarium,
700 3621 710 3638 ⁸
724 3617 823 3657 fond
861 3618 910 3657 of
952 3618 1113 3658 ancient
1152 3631 1222 3657 au-

267 3668 407 3710 thors.'
465 3670 570 3711 This
597 3672 726 3723 word,
756 3671 893 3713 which
926 3671 961 3712 is
989 3678 1062 3713 not
1094 3673 1223 3713 found

1319 1266 1362 1305 in
1392 1281 1473 1319 any
1497 1267 1643 1308 earlier
1667 1269 1814 1319 writer,
1835 1282 1970 1310 recurs
1990 1270 2032 1309 in
2064 1271 2129 1314 37.
2151 1270 2176 1311 6
2199 1272 2281 1312 and

1320 1324 1386 1362 42.
1406 1330 1428 1374 7
1451 1337 1461 1362 τ
1491 1323 1573 1362 and
1593 1336 1657 1375 cp.
1674 1323 1783 1364 Suet.
1802 1326 1912 1376 Aug.
1929 1325 1994 1373 81,
2011 1327 2096 1365 and
2115 1326 2205 1367 Iuv.
2225 1327 2280 1367 vi.

1317 1388 1414 1428 451,
1435 1377 1571 1417 where
1590 1379 1602 1398 ‘
1622 1384 1731 1418 tenet
1743 1379 1973 1431 antiquaria
1987 1379 2148 1420 versus’
2164 1382 2200 1421 is
2214 1395 2281 1422 ex·

1317 1431 1486 1484 plained
1502 1432 1558 1484 by
1565 1432 1635 1472 the
1649 1432 1856 1473 Scholiast
1870 1447 1915 1474 as
1925 1452 1962 1466 =
1971 1440 2017 1474 ut
2029 1436 2282 1488 antiquarius

1315 1499 1454 1526 versus
1473 1487 1586 1527 dicit.

1377 1553 1437 1593 19.
1468 1554 1526 1580 ex
1546 1555 1602 1581 ea
1619 1547 1775 1588 parte:
1806 1555 1870 1594 cp.
1887 1542 2004 1583 nulla
2017 1550 2144 1597 parte,
2159 1547 2222 1586 18.
2241 1558 2279 1599 5.

1376 1608 1438 1635 20.
1471 1599 1517 1636 C.
1551 1599 1749 1636 Caesari.
1826 1598 1905 1649 Cp.
1926 1599 2037 1638 Ann.
2058 1600 2143 1640 xiii.
2166 1612 2204 1651 3,
2230 1611 2275 1640 11

1317 1650 1496 1690 dictator
1516 1651 1669 1691 Caesar
1697 1653 1868 1691 summis
1890 1654 2119 1694 oratoribus
2138 1669 2279 1695 aemu-

1316 1705 1391 1745 lus.
1453 1706 1510 1745 So
1541 1705 1682 1756 Quint.
1703 1718 1805 1760 X.*1,
1830 1718 1907 1758 114
1935 1707 1984 1748 C.
2003 1721 2101 1748 vero
2126 1710 2281 1750 Caesar

1316 1760 1351 1799 si
1389 1760 1479 1800 foro
1518 1766 1679 1800 tantum
1721 1769 1920 1812 vacasset,
1955 1775 2039 1802 non
2085 1764 2191 1804 alius
2229 1778 2280 1805 ex

1315 1815 1467 1854 nostris
1514 1821 1657 1855 contra
1695 1815 1938 1856 Ciceronem
1984 1817 2278 1859 nominaretur.

1320 1869 1455 1909 Tanta
1473 1870 1516 1909 in
1537 1883 1587 1909 eo
1605 1871 1668 1909 vis
1687 1877 1761 1918 est,
1782 1871 1825 1910 id
1854 1884 2039 1920 acumen,
2061 1886 2110 1912 ea
2140 1875 2278 1914 conci-

1317 1924 1434 1973 tatio,
1459 1930 1504 1963 ut
1532 1924 1652 1964 illum
1682 1926 1829 1966 eodem
1857 1926 1998 1966 animo
2024 1927 2176 1968 dixisse
2195 1941 2279 1981 quo

1316 1978 1489 2019 bellavit
1522 1985 1745 2032 appareat;
1788 1987 1960 2020 exornat
1998 1987 2136 2022 tamen
2173 1983 2278 2023 haec

1319 2034 1460 2073 omnia
1515 2035 1620 2074 mira
1675 2035 1889 2086 sermonis,
1938 2035 2053 2076 cuius
2109 2039 2277 2090 proprie

1316 2088 1524 2128 studiosus
1543 2089 1631 2139 fuit,
1647 2089 1865 2141 elegantia.
1923 2090 2012 2131 Cic.
2030 2091 2140 2132 Brut.
2158 2096 2179 2140 ξ
2199 2105 2219 2132 2
2226 2104 2275 2143 52

1315 2143 1376 2182 ita
1396 2143 1536 2183 iudico
1553 2174 1562 2184 .
1580 2174 1589 2183 .
1608 2174 1616 2182 .
1632 2144 1751 2183 illum
1768 2145 1953 2184 omnium
1967 2145 2050 2186 fere
2069 2152 2279 2187 oratorum

1316 2195 1463 2238 Latine
1494 2198 1610 2251 loqui
1640 2198 1974 2251 elegantissime:
2021 2204 2042 2249 §
2081 2200 2156 2241 261
2192 2215 2277 2242 non

1314 2252 1436 2292 video
1456 2253 1523 2293 cui
1542 2254 1691 2293 debeat
1710 2254 1863 2295 cedere.

1370 2313 1575 2354 propter.
1626 2309 1663 2348 It
1683 2308 1718 2347 is
1736 2309 2012 2362 noteworthy,
2026 2322 2071 2350 as
2090 2309 2277 2351 differen-

1313 2361 1464 2415 tiating
1484 2362 1554 2402 the
1583 2376 1708 2415 usage
1729 2363 1777 2403 of
1798 2364 1968 2404 Tacitus
1993 2365 2100 2405 from
2124 2365 2215 2405 that
2234 2366 2281 2405 of

1317 2416 1563 2467 Quintilian,
1577 2418 1667 2458 that
1680 2417 1802 2458 while
1819 2419 1890 2459 the
1905 2419 2028 2460 latter
2042 2420 2277 2473 constantly

1314 2484 1405 2510 uses
1434 2477 1608 2524 propter
1634 2473 1677 2512 in
1707 2486 1732 2512 a
1764 2474 1905 2514 causal
1943 2487 2073 2524 sense,
2102 2474 2276 2515 Tacitus

1314 2526 1469 2578 always
1507 2526 1659 2578 prefers
1696 2527 1753 2579 ob,
1791 2534 1937 2581 except
1975 2529 2071 2570 herc
2109 2529 2194 2569 and
2230 2530 2275 2570 in

1314 2581 1426 2620 Hist.
1447 2581 1474 2620 i.
1495 2580 1561 2632 65,
1580 2594 1616 2632 3.

1366 2639 1744 2682 magnitudinem
1772 2640 2124 2684 cogitationum.
2182 2638 2275 2679 The

1311 2702 1426 2729 same
1473 2690 1622 2742 phrase
1661 2692 1696 2730 is
1742 2692 1843 2732 used
1889 2692 1932 2731 in
1979 2692 2182 2734 reference
2228 2700 2273 2734 to

1312 2743 1502 2784 Caesar's
1536 2747 1546 2766 ‘
1564 2751 1654 2785 vast
1688 2744 1875 2798 designs'
1910 2748 1966 2799 by
1994 2747 2196 2798 Velleius,
2225 2749 2272 2788 ii.

1310 2810 1378 2850 41,
1404 2811 1438 2838 1.

1367 2857 1697 2901 occupationes
1716 2868 1898 2895 rerum:
1927 2855 1993 2896 his
2009 2856 2275 2910 ‘absorption

1311 2908 1354 2947 in
1384 2907 1547 2948 affairs.’
1605 2910 1688 2949 For
1715 2910 1787 2950 the
1815 2923 1910 2962 gen.
1938 2925 2003 2964 cp.
2025 2912 2143 2952 Caes.
2166 2911 2270 2952 Bell.

1313 2962 1425 3003 Gall.
1455 2963 1507 3003 iv.
1539 2963 1587 3003 16
1622 2965 1961 3018 occupationibus
1994 2966 2054 3006 rei
2082 2967 2274 3019 publicae

1311 3018 1621 3070 prohiberetur:
1669 3020 1727 3060 ib.
1771 3033 1847 3060 22:
1896 3020 1987 3061 Cic.
2027 3021 2079 3061 de
2123 3021 2198 3062 Or.
2233 3032 2270 3070 1,

1315 3076 1335 3120 ξ
1370 3083 1415 3111 21
1448 3073 1491 3113 in
1522 3073 1601 3114 hac
1634 3079 1750 3115 tanta
1781 3076 2051 3128 occupatione
2081 3075 2193 3116 urbis
2222 3089 2273 3116 ac

1311 3127 1431 3167 vitae.

1369 3193 1430 3222 21.
1462 3185 1679 3223 divinum
1725 3187 1828 3224 eius
1873 3187 2130 3232 ingenium.
2214 3184 2272 3226 So

1311 3237 1512 3287 Velleius,
1533 3238 1559 3277 l.
1582 3252 1634 3288 c.,
1656 3242 1667 3261 ‘
1680 3239 1820 3279 animo
1839 3252 1960 3291 snper
1977 3239 2203 3280 humanam
2229 3247 2271 3281 et

1309 3297 1498 3331 naturam
1519 3299 1559 3333 et
1577 3293 1703 3332 fidem
1722 3292 1910 3333 evectus.’

1369 3359 1431 3387 22.
1474 3350 1691 3387 Brutum.
1759 3348 1835 3388 See
1873 3361 1927 3387 on
1967 3348 2032 3391 17.
2072 3360 2112 3399 4.
2191 3349 2269 3402 Cp.

1312 3400 1452 3452 Quint.
1474 3416 1511 3440 x.
1536 3413 1571 3450 1,
1595 3413 1671 3452 123
1703 3402 1905 3454 Egregius
1930 3415 2028 3442 vero
2056 3402 2272 3457 multoque

1309 3468 1432 3507 quam
1465 3456 1506 3495 in
1537 3456 1791 3496 orationibus
1819 3458 2091 3510 praestantior
2118 3458 2271 3498 Brutus

1308 3509 1466 3549 suffecit
1485 3511 1658 3562 ponderi
1678 3524 1836 3552 rerum:
1868 3512 1974 3552 scias
1995 3525 2090 3552 eum
2119 3514 2267 3554 sentire

1304 3576 1410 3617 quae
1430 3565 1542 3605 dicit.

1366 3632 1428 3670 24·
1460 3621 1556 3659 nisi
1586 3621 1730 3660 forte:
1772 3620 1842 3660 the
1874 3620 1991 3661 other
2023 3620 2267 3663 alternative

1306 3674 1449 3714 would
1479 3674 1640 3715 involve
1671 3675 1741 3715 the
1771 3676 2032 3729 supposition
2061 3676 2163 3726 that,
2191 3679 2266 3719 &c.
