2424 4166
277 265 346 322 82
738 313 741 316 .
901 254 1319 321 *CORNELII
1353 270 1442 320 TA
1454 270 1628 323 CJTJ

278 405 364 451 est
409 405 596 452 orator
640 398 735 466 qui
782 399 853 451 de
904 399 1057 451 omni
1107 400 1433 467 quaestione
1482 399 1709 468 pulchre
1757 407 1814 453 et
1864 408 2058 454 ornate
2107 407 2163 454 et
2211 400 2285 459 ad

277 494 721 561 persuadendum
764 500 893 562 apte
939 494 1121 545 dicere
1171 510 1274 562 pro
1318 494 1589 562 dignitate
1629 511 1827 559 rerum,
1869 495 1940 547 ad
1986 493 2284 555 utilitatem

276 595 608 654 temporum,
635 604 760 639 cum
787 586 1075 654 voluptate
1100 587 1441 639 audientium
1468 588 1662 655 possit.

350 684 446 738 31.
488 681 614 732 Hoc
636 681 739 732 sibi
767 680 845 731 illi
872 688 1086 732 veteres
1113 687 1509 748 persuaserant,
1530 682 1602 734 ad
1623 680 1729 734 hoc
1757 681 2100 757 efficiendum
2121 680 2285 734 intel*

275 773 536 843 legebant
563 792 703 842 opus
730 791 862 834 esse,
890 791 1000 826 non
1032 781 1094 826 ut
1130 775 1185 825 in
1224 773 1507 826 rhetorum
1534 774 1737 827 scholis
1763 775 2154 838 declamarent,
2181 790 2284 829 nec

275 875 336 920 ut
371 868 512 920 fictis
547 884 647 920 nec
686 867 799 919 ullo
838 868 1007 920 modo
1038 868 1109 919 ad
1144 867 1435 919 veritatem
1473 867 1860 921 accedentibus
1900 868 2282 922 controversiis

272 959 519 1028 linguam
565 962 734 1012 modo
775 967 830 1012 et
873 977 1067 1012 vocem
1111 967 1442 1022 exercerent,
1488 961 1584 1013 sed
1629 969 1690 1014 ut
1734 961 1800 1013 iis
1843 963 2051 1015 artibus
2088 970 2283 1031 pectus

224 1069 246 1109 5
274 1054 563 1123 implerent
602 1055 655 1104 in
696 1053 896 1121 quibus
935 1054 1006 1105 de
1042 1052 1201 1113 bonis
1238 1070 1303 1105 ac
1341 1053 1513 1117 malis,
1541 1055 1612 1106 de
1648 1054 1884 1108 honesto
1920 1065 1976 1109 et
2011 1056 2173 1123 turpi,
2211 1054 2283 1107 de

273 1148 419 1200 iusto
460 1155 514 1199 et
553 1147 754 1199 iniusto
792 1146 1137 1215 disputatur;
1183 1144 1318 1197 haec
1363 1146 1511 1198 enim
1550 1155 1635 1200 est
1672 1149 1877 1201 oratori
1921 1147 2170 1201 subiecta
2208 1149 2282 1200 ad

328 1257 397 1294 31.
430 1265 465 1293 1.
496 1253 567 1292 lzoc
588 1253 773 1303 EV2CA,
795 1252 863 1303 hec
882 1252 1022 1298 BDH,
1042 1252 1112 1291 bec
1131 1251 1184 1292 A.

271 1314 364 1350 cett.
378 1309 500 1349 codd.

273 1364 342 1403 lzz’s
372 1363 547 1416 HVSp.,
577 1363 666 1402 illis
696 1362 912 1403 Baehrens.

273 1432 315 1471 p.
336 1418 487 1467 lxxxiV‚
509 1423 620 1457 note.

273 1508 502 1561 frequently
521 1507 651 1559 urged
671 1507 726 1559 by
741 1506 912 1547 Cicero:
946 1519 1011 1559 cp.
1028 1506 1080 1547 de
1101 1505 1172 1546 Or.
1189 1506 1232 1547 ii.

275 1567 295 1611 ξ
332 1574 353 1614 5
389 1562 595 1602 neminem
629 1561 868 1613 eloquentia
899 1592 909 1601 .
930 1591 940 1601 .
966 1592 976 1602 .
1007 1562 1093 1601 sine
1121 1561 1235 1600 omni

272 1618 476 1670 sapientia
524 1617 667 1656 florere
714 1628 897 1668 unquam
945 1622 985 1656 et
1026 1622 1234 1669 praestare

272 1673 470 1725 potuisse.
545 1672 708 1711 Etenim
747 1678 903 1710 ceterae
937 1671 1021 1710 fere
1055 1678 1162 1711 artes
1190 1683 1234 1711 se

271 1728 388 1779 ipsae
403 1739 477 1779 per
491 1738 533 1765 se
551 1731 717 1765 tuentur
735 1725 947 1777 singulae:
979 1726 1084 1765 bene
1099 1726 1232 1765 dicere

271 1777 411 1821 autem
440 1811 450 1820 .
474 1812 483 1821 .
505 1810 514 1819 .
542 1794 626 1819 non
655 1780 779 1820 habet
806 1779 1019 1820 definitam
1048 1780 1234 1833 aliquam

271 1836 482 1888 regionem
502 1836 618 1874 cuius
637 1835 820 1874 terminis
840 1843 981 1887 saepta
1001 1841 1198 1875 teneatur.

332 1893 394 1930 26.
420 1893 642 1939 cluditur,
660 1891 672 1910 ‘
687 1889 861 1942 simplex
879 1903 954 1940 pro
970 1888 1232 1942 composito,’

271 1947 346 1986 Dr.
373 1949 394 1994 ξ
420 1956 468 1996 25
490 1959 499 1984 :
529 1958 592 1997 cp.
613 1944 769 1984 Introd.
791 1957 831 1996 p.
852 1943 920 1984 lvi.

327 2004 368 2040 is
390 2005 462 2039 est
482 2004 650 2047 orator,
673 2002 749 2039 &c.
795 1999 886 2038 Cic.
908 1998 959 2037 de
982 1998 1053 2038 Or.
1075 1999 1102 2038 i.
1124 1998 1177 2050 64
1196 2000 1232 2039 is

272 2062 410 2095 orator
440 2055 517 2093 erit
548 2067 640 2092 mea
672 2053 877 2093 sententia
900 2053 983 2092 hoc
1006 2058 1093 2092 tam
1114 2055 1231 2106 gravi

268 2110 420 2162 dignus
435 2108 617 2157 nomine,
639 2109 722 2160 qui,
744 2120 1026 2159 quaecumque
1046 2121 1109 2147 res
1129 2109 1232 2150 inci-

269 2165 373 2204 derit
381 2177 484 2216 quae
493 2164 545 2202 sit
554 2163 732 2203 dictione
741 2162 998 2215 explicanda,
1013 2163 1233 2214 prudenter

268 2225 311 2259 et
331 2219 561 2271 composite
578 2224 616 2258 et
632 2222 774 2259 ornate
794 2225 832 2256 et
849 2218 1085 2257 memoriter
1104 2218 1229 2268 dicet,

270 2288 365 2315 cum
385 2274 567 2326 quadam
589 2273 762 2312 actionis
782 2274 908 2311 etiam
929 2271 1144 2324 dignitate.

267 2373 269 2375 ,
327 2339 390 2381 27.
425 2331 635 2376 pulchre,
676 2327 724 2366 of
755 2340 876 2379 grace
914 2340 962 2366 or
1000 2328 1150 2379 beauty
1187 2328 1237 2368 of

268 2384 387 2435 style,
408 2396 453 2422 as
472 2383 560 2423 Cic.
583 2382 652 2422 Or.
676 2386 696 2429 ξ
718 2391 793 2433 227
811 2380 982 2434 pulchre
997 2388 1036 2421 et
1052 2383 1229 2425 oratorie

268 2439 430 2478 dicere:
467 2451 531 2489 cp.
552 2437 603 2476 de
629 2437 717 2480 Fin.
742 2440 761 2484 ξ
784 2436 852 2486 63.
910 2436 1013 2475 This
1042 2437 1077 2476 is
1106 2438 1230 2476 much

268 2493 439 2545 simpler
457 2492 555 2532 than
575 2497 620 2531 to
640 2492 737 2531 take
757 2491 826 2531 the
847 2491 961 2529 word
980 2491 1023 2530 in
1043 2505 1067 2530 a
1094 2491 1230 2534 moral

268 2561 382 2588 sense
405 2547 573 2597 (καλῶς)
593 2547 674 2586 and
704 2552 748 2585 to
777 2546 879 2585 refer
904 2546 953 2593 it,
974 2546 1075 2586 with
1103 2547 1225 2597 John,

266 2609 311 2643 to
326 2599 588 2654 Quintilian’s
600 2601 755 2640 maxim
770 2603 780 2621 ‘
790 2613 871 2639 non
888 2613 1008 2652 posse
1025 2608 1230 2641 oratorem

204 2687 209 2693 .
266 2670 355 2697 esse
373 2656 453 2696 nisi
474 2657 644 2705 bonum,
666 2655 691 2694 i.
712 2668 772 2707 pr.
796 2659 816 2702 ξ
841 2667 890 2707 9:
923 2667 987 2706 cp.
1009 2655 1049 2694 ii.
1077 2665 1137 2705 15.
1165 2667 1197 2696 1.

325 2715 504 2758 ornate,
535 2712 600 2750 31.
639 2721 711 2749 10:
759 2722 826 2761 cp.
864 2712 927 2750 18.
967 2720 1030 2757 10,
1061 2712 1128 2749 21.
1165 2721 1229 2749 11.

269 2766 360 2805 The
378 2765 493 2804 word
514 2765 613 2803 does
631 2771 704 2804 not
724 2777 771 2803 so
795 2765 917 2804 much
944 2762 1122 2804 indicate
1148 2778 1230 2816 any

268 2834 347 2860 one
363 2819 527 2859 definite
543 2819 737 2858 attribute
749 2819 798 2857 of
806 2819 922 2870 style,
937 2831 982 2857 as
997 2818 1086 2858 that
1101 2819 1228 2859 union

269 2875 319 2914 of
342 2874 535 2926 qualities
564 2873 699 2913 which
733 2873 848 2924 gives
876 2873 1115 2912 distinction
1146 2873 1228 2912 and

268 2928 397 2970 eclat:
413 2930 476 2968 for
490 2927 673 2968 Cicero's
686 2927 915 2977 definition,
929 2940 995 2967 see
1009 2927 1060 2967 de
1077 2927 1150 2968 Or.
1167 2928 1227 2968 iii.

269 2988 290 3032 ς
314 2995 365 3035 53
389 2983 561 3036 (quoted
581 2996 633 3020 on
656 2984 719 3023 18.
747 2983 831 3033 10).

322 3042 382 3079 ad
408 3040 787 3085 persuadendum
816 3041 935 3083 apte.
995 3036 1051 3076 So
1074 3038 1228 3090 ‘appo-

267 3093 345 3133 site
367 3093 421 3132 ad
437 3090 791 3145 persuadendum,’
809 3092 898 3132 Cic.
916 3092 966 3131 de
983 3091 1071 3130 Inv.
1089 3092 1114 3131 i.
1137 3095 1156 3139 §
1174 3091 1199 3130 6
1215 3105 1225 3132 z

270 3149 354 3188 ‘ad
400 3146 729 3200 persuadendum
779 3144 1130 3195 adcommodate,'
1173 3147 1226 3187 de

265 3203 337 3244 Or.
359 3203 388 3242 i.
413 3206 432 3250 ξ
458 3204 547 3252 138.
606 3200 681 3240 See
703 3201 843 3253 Quint.
865 3201 907 3240 ii.
933 3212 991 3252 15.

324 3259 387 3297 28.
418 3261 478 3297 ad
496 3258 757 3295 utilitatem
784 3260 1064 3303 temporum,
1086 3255 1127 3295 in
1157 3270 1223 3297 ac·

265 3313 466 3352 cordance
495 3310 596 3350 with
628 3312 738 3350 what
773 3312 807 3349 is
836 3310 1051 3362 expedient
1079 3311 1123 3349 in
1154 3310 1224 3350 the

265 3368 590 3407 circumstances.
652 3365 732 3417 Cp.
755 3365 895 3417 Quint.
918 3378 956 3405 x.
985 3377 1023 3415 3,
1050 3376 1096 3415 15
1123 3365 1223 3417 quid

263 3435 326 3461 res
345 3427 489 3473 poscat
506 3449 515 3459 .
540 3452 549 3460 .
572 3451 580 3460 .
601 3421 711 3473 quod
733 3421 783 3459 sit
803 3426 995 3472 tempus:
1027 3419 1081 3459 xi.
1103 3430 1138 3468 1,
1155 3418 1221 3470 46.

322 3488 384 3526 29.
418 3488 526 3515 eum
545 3479 789 3521 voluptate
809 3475 1121 3513 audientium.
1152 3473 1222 3512 Ad

262 3529 446 3569 Herenn.
479 3534 498 3577 ξ
529 3542 548 3568 2
578 3543 671 3568 cum
701 3528 941 3568 adsensione
970 3528 1218 3567 auditorum.

319 3588 385 3624 31.
419 3596 455 3623 2.
491 3597 607 3630 opus
635 3596 735 3623 esse
758 3613 768 3624 .
794 3613 804 3623 .
826 3612 837 3623 .
866 3587 932 3623 ut.
991 3583 1095 3622 This
1124 3595 1219 3622 con-

235 3638 475 3687 ‘struction‚
507 3638 642 3678 which
676 3651 816 3678 occurs
846 3638 887 3676 in
917 3637 1088 3677 Tacitus
1122 3637 1221 3689 only

259 3692 371 3742 here,
395 3693 430 3733 is
455 3693 582 3733 found
608 3693 650 3732 in
679 3692 863 3740 Plautus,
885 3692 1005 3733 Truc.
1033 3705 1070 3731 v.
1103 3702 1138 3739 1,
1168 3702 1213 3731 11

1269 1251 1330 1290 ad
1345 1251 1417 1291 hoc
1439 1252 1696 1305 efficiendum
1714 1254 1856 1303 ΑΔΕ,
1879 1253 1939 1293 ad
1955 1254 2052 1294 haec
2072 1253 2284 1308 efficienda

613 1320 651 1358 4.
680 1312 912 1347 exercerent
929 1307 1086 1357 EV2H,
1105 1312 1293 1346 exercent
1314 1307 1529 1347 ABCAD.
1591 1308 1646 1347 z‘z's
1665 1308 1753 1353 CA,
1766 1308 1852 1348 hiis
1873 1309 1928 1357 D,
1944 1308 2011 1348 his
2028 1309 2213 1358 ABEV,
2235 1308 2285 1348 in

1054 1361 1093 1401 6.
1122 1361 1237 1401 enim
1264 1366 1324 1401 est
1348 1361 1486 1412 ABH,
1517 1366 1577 1402 est
1602 1362 1716 1403 enim
1742 1363 1991 1416 EV2CAD:
2016 1376 2085 1404 see
2113 1363 2275 1404 Introd.

1319 1518 1425 1558 opus
1451 1506 1599 1547 nutrici
1623 1539 1632 1548 .
1657 1538 1667 1547 .
1689 1536 1699 1546 .
1718 1513 1853 1548 utrem
1880 1513 1926 1548 ut
1954 1507 2105 1548 habeat
2132 1507 2281 1548 veteris

1318 1561 1428 1601 vini:
1468 1561 1523 1601 ib.
1550 1562 1591 1602 ii.
1626 1574 1665 1613 3,
1699 1571 1720 1614 7
1750 1563 1853 1602 mihi
1886 1593 1896 1603 .
1928 1594 1938 1604 .
1971 1595 1980 1603 .
2010 1575 2115 1616 opus
2143 1568 2206 1603 est
2234 1570 2281 1604 ut

1318 1615 1480 1656 lavem:
1511 1616 1555 1656 ii.
1578 1615 1614 1663 6,
1642 1628 1691 1669 19
1716 1630 1826 1658 nunc
1854 1618 1930 1658 tibi
1960 1624 2082 1671 opust
2111 1631 2280 1670 aegram

1318 1675 1365 1709 ut
1392 1676 1433 1710 te
1452 1671 1703 1711 adsimules:
1741 1672 1865 1712 Poen.
1885 1687 1923 1712 v.
1949 1682 1986 1724 7,
2009 1684 2060 1712 20
2079 1673 2147 1713 hic
2175 1684 2281 1726 opus

1318 1730 1379 1765 est
1398 1724 1560 1777 aliquot
1578 1732 1624 1766 ut
1642 1739 1810 1766 maneas
1828 1728 1929 1768 dies.

1377 1791 1414 1830 3.
1445 1783 1569 1821 fietis
1601 1811 1611 1821 .
1634 1812 1644 1821 .
1668 1812 1678 1821 .
1706 1784 2056 1822 controversiis.
2117 1781 2208 1823 Cic.
2228 1782 2280 1822 de

1321 1834 1395 1874 Or.
1426 1834 1452 1875 i.
1486 1838 1506 1882 §
1544 1847 1618 1886 149
1648 1836 1839 1889 equidem
1868 1837 2002 1889 probo
2030 1836 2111 1876 ista
2137 1867 2147 1877 .
2172 1868 2182 1877 .
2203 1867 2213 1876 .
2233 1842 2280 1877 ut

1320 1902 1446 1928 causa
1478 1889 1619 1942 aliqua
1650 1891 1788 1942 posita
1821 1890 2028 1931 consimili
2062 1904 2279 1931 causarum

1319 1956 1464 1983 earum
1493 1957 1600 1997 quae
1628 1945 1672 1984 in
1701 1946 1836 1985 sorum
1876 1946 2125 1994 deferuntur,
2163 1946 2278 1986 dieat

1319 2011 1444 2050 quam
1477 2000 1660 2039 maxime
1693 2000 1747 2039 ad
1779 2001 1995 2040 veritatem
2035 2000 2277 2041 adcommo-

1319 2053 1426 2092 date.
1485 2053 1566 2093 Sed
1586 2054 1772 2107 plerique
1792 2054 1836 2094 in
1860 2054 1942 2095 hoc
1962 2068 2108 2095 vocem
2133 2055 2277 2104 modo,

1317 2120 1449 2160 neque
1468 2121 1562 2147 eam
1581 2109 1770 2157 scienter,
1790 2115 1831 2149 et
1849 2110 1956 2150 vires
1974 2115 2164 2150 exercent
2183 2123 2278 2150 suas

1316 2167 1358 2201 et
1387 2162 1552 2214 linguae
1576 2163 1827 2204 celeritatem
1853 2163 2025 2204 incitant
2043 2164 2278 2204 verborum-

1317 2229 1396 2270 que
1411 2217 1638 2270 frequentia
1651 2218 1918 2259 delectantur.
1952 2219 2094 2270 Quint.
2113 2233 2151 2258 x.
2171 2230 2210 2268 2,
2229 2229 2276 2258 12

1316 2285 1400 2324 quo
1446 2271 1493 2312 fit
1535 2277 1580 2312 ut
1624 2274 1758 2313 minus
1795 2274 2007 2326 sanguinis
2043 2287 2093 2315 ac
2129 2273 2279 2317 virium

1315 2326 1643 2367 declamationes
1673 2327 1853 2367 habeant
1890 2341 2015 2381 quam
2054 2329 2274 2381 orationes,

1315 2381 1428 2434 quod
1444 2382 1486 2424 in
1502 2382 1588 2421 illis
1603 2395 1698 2422 vera
1712 2383 1756 2423 in
1767 2382 1833 2422 his
1848 2383 2087 2424 adsimilata
2102 2384 2278 2424 materia

1315 2441 1403 2477 est:
1436 2437 1491 2476 ib.
1514 2447 1536 2488 5
1561 2440 1581 2484 ξ
1606 2445 1670 2488 17.

1370 2494 1633 2540 veritatem,
1656 2494 1668 2513 ‘
1684 2491 1769 2531 real
1790 2489 1887 2532 life?

1369 2557 1409 2596 4.
1440 2550 1620 2595 pectus,
1642 2546 1711 2586 the
1730 2547 1870 2588 mind:
1903 2560 1967 2599 cp.
1995 2546 2103 2587 Hor.
2124 2546 2210 2587 Sat.
2231 2547 2275 2590 ii.

1315 2611 1353 2650 4,
1369 2612 1422 2651 90
1439 2602 1625 2652 quamvis
1641 2602 1815 2641 memori
1830 2602 1979 2641 referas
1996 2602 2095 2641 mihi
2112 2609 2278 2654 pectore

1315 2660 1473 2694 cuneta.
1534 2655 1591 2694 So
1620 2656 1743 2707 again
1772 2656 1859 2696 Cic.
1885 2657 1937 2696 de
1966 2656 2037 2696 Or.
2065 2656 2125 2698 iii.
2153 2661 2173 2705 5
2197 2668 2272 2696 121

1314 2721 1397 2748 non
1435 2709 1546 2748 enim
1584 2710 1721 2749 solum
1758 2710 1944 2750 acuenda
1982 2712 2101 2750 nobis
2142 2724 2276 2764 neque

1314 2763 1582 2816 procudenda
1603 2764 1762 2816 lingua,
1784 2766 1855 2804 sed
1882 2765 2134 2805 onerandum
2163 2779 2275 2806 com·

1313 2817 1593 2870 plendumque
1614 2825 1756 2870 pectus
1776 2819 2048 2859 maximarum
2070 2833 2205 2860 rerum
2232 2826 2275 2862 et

1314 2871 1583 2925 plurimarum
1605 2874 1817 2922 suavitate,
1839 2875 1975 2926 copia,
1996 2875 2181 2915 veritate.

1370 2938 1407 2978 5.
1438 2930 1576 2966 bonis
1599 2958 1609 2967 .
1631 2956 1641 2966 .
1663 2958 1673 2967 .
1689 2931 1838 2969 malin.
1879 2929 1971 2968 The
1989 2931 2274 2970 enumeration

1313 2980 1450 3021 shows
1459 2982 1547 3022 that
1556 2981 1626 3022 the
1633 2982 1767 3022 moral
1777 2989 1917 3035 aspect
1924 2983 1959 3022 is
1969 2984 2219 3036 prominent,
2228 2998 2275 3024 as

1314 3036 1420 3075 Ann.
1437 3036 1491 3076 vi.
1510 3035 1575 3085 36,
1597 3048 1645 3087 13
1660 3037 1770 3090 (quis
1783 3050 1916 3090 neque
1929 3038 2026 3078 boni
2038 3039 2273 3080 intellectus

1312 3103 1443 3143 neque
1472 3091 1574 3130 mali
1604 3093 1719 3144 cura)
1743 3091 1825 3131 and
1852 3092 2086 3134 elsewhere.
2142 3094 2270 3146 John,

1312 3158 1366 3185 on
1395 3145 1466 3186 the
1493 3146 1613 3186 other
1634 3146 1757 3194 hand,
1779 3146 2052 3188 understands
2077 3148 2276 3189 material

1309 3200 1421 3254 good
1458 3200 1539 3240 and
1574 3200 1842 3250 evil,—what
1869 3215 1932 3242 we
1964 3209 2073 3243 meet
2099 3203 2201 3243 with
2230 3203 2272 3243 in

1309 3255 1508 3307 practical
1529 3255 1599 3294 life
1617 3270 1627 3295 ε
1657 3256 1745 3296 Cic.
1766 3256 1818 3296 de
1839 3256 1910 3296 Or.
1932 3257 1960 3297 i.
1984 3261 2004 3304 ξ
2026 3269 2077 3308 42
2100 3257 2206 3296 nihil
2230 3262 2273 3297 te

1308 3309 1360 3348 de
1399 3310 1517 3350 bonis
1554 3310 1675 3350 rebus
1713 3311 1753 3349 in
1792 3310 1881 3350 vita
1916 3311 2021 3351 nihil
2059 3311 2111 3352 de
2148 3311 2272 3352 malis

1308 3364 1516 3411 didicisse,
1541 3364 1612 3406 Or.
1636 3368 1656 3412 ξ
1683 3366 1772 3404 118.

1363 3418 1401 3458 6.
1433 3421 1646 3459 subiecta
1674 3422 1736 3458 ad
1767 3420 2022 3459 dicendum
2055 3423 2269 3472 materia,

1306 3472 1376 3512 the
1397 3472 1551 3523 subject
1570 3479 1719 3513 matter
1733 3473 1781 3512 os
1795 3481 1972 3525 oratory,
1987 3476 2012 3525 ἡ
2028 3474 2269 3526 ὑποκειμένη

1306 3526 1398 3578 ὕλη.
1468 3527 1523 3567 So
1554 3528 1642 3567 Cic.
1673 3527 1725 3568 de
1754 3527 1825 3567 Or.
1856 3528 1900 3569 ii.
1932 3532 1952 3576 ξ
1986 3528 2061 3568 116
2091 3529 2143 3568 ad
2174 3541 2269 3582 pro-

1305 3581 1487 3621 bandum
1509 3588 1648 3621 autem
1668 3582 1823 3634 duplex
1838 3589 1899 3622 est
1915 3584 2069 3623 oratori
2084 3584 2269 3626 subiecta

1306 3637 1518 3676 materies:
1564 3636 1619 3676 ib.
1658 3647 1692 3676 1.
1726 3640 1746 3684 ξ
1782 3648 1873 3686 201,
1904 3638 1963 3678 iii.
1996 3641 2016 3685 §
2050 3650 2115 3689 54.
2186 3638 2266 3692 Cp.

1306 3691 1473 3731 uberem
1493 3691 1548 3731 ad
1566 3691 1787 3732 dicendum
1807 3694 2022 3732 materiam
2043 3693 2110 3738 37.
2135 3693 2199 3742 28,

2412 3009 2424 3130 ’,-...“.’-Αι
2417 2979 2424 2999 ..-
2421 2948 2424 2949 ,
2418 2923 2424 2934 -
