2424 4166
630 222 1023 274 DIALOGUS
1058 223 1171 272 DE
1209 223 1351 273 ORA
1366 223 1710 274 TORIBUS.
2098 224 2166 292 63

178 371 234 417 et
283 362 542 416 insulsam
604 363 1004 426 scurrilitatem,
1053 365 1227 417 variet
1277 365 1750 430 compositionem,
1816 380 1913 416 nec
1975 382 2168 418 omnes

177 455 447 508 clausulas
474 473 582 507 uno
609 464 665 508 et
692 456 886 507 eodem
915 459 1083 509 modo
1110 459 1451 509 determinet.

248 550 349 605 23.
389 548 539 600 Nolo
580 549 814 600 inridere
858 557 1066 600 rotam
1115 550 1451 601 Fortunae
1496 557 1551 601 et
1595 549 1700 601 ius
1743 549 2072 600 verrinum
2113 558 2168 601 et

175 641 308 693 illud
346 642 509 694 tertio
548 659 771 708 quoque
808 659 967 693 sensu
1009 643 1063 693 in
1102 643 1356 694 omnibus
1383 642 1721 695 orationibus
1760 659 1860 710 pro
1900 643 2170 694 sententia

175 734 416 802 positum
455 752 596 786 esse
633 735 952 787 videatur.

1028 736 1176 787 Nam
1217 745 1273 788 et
1304 737 1438 787 haec
1477 737 1677 787 invitus
1716 735 1899 788 rettuli
1927 744 1982 788 et
2013 735 2169 803 plura

175 827 348 890 omisi,
393 844 536 895 quae
578 835 763 880 tamen
813 827 929 880 sola
975 829 1244 880 mirantur
1292 838 1458 897 atque
1508 830 1827 896 exprimunt
1876 829 1913 880 ii
1964 829 2057 896 qui
2109 846 2168 881 se

173 907 429 987 antiquos
455 929 698 973 oratores
721 930 936 974 vocant.
1015 922 1306 974 Neminem
1335 922 1647 985 nominabO,
1675 939 1847 989 genus
1879 921 2165 974 hominum
2190 932 2213 974 5

173 1011 508 1079 significasse
545 1022 867 1076 contentus;
925 1015 1022 1066 sed
1061 1015 1219 1067 vobis
1264 1016 1454 1083 utique
1493 1023 1779 1068 versantur
1814 1023 1943 1067 ante
1979 1015 2167 1068 oculos

174 1106 263 1158 isti
297 1106 390 1173 qui
421 1106 694 1159 Lucilium
722 1126 822 1176 pro
857 1108 1095 1160 Horatio
1123 1116 1178 1160 et
1206 1109 1522 1162 Lucretium
1559 1126 1661 1176 pro
1687 1108 1934 1176 Vergilio
1961 1108 2167 1177 legunt,

230 1236 292 1277 25.
321 1227 519 1266 terminet
536 1227 715 1279 Lipsius,

228 1283 300 1320 23.
333 1291 368 1320 1.
396 1281 618 1321 verrinum
640 1282 914 1331 EV2CADH,
935 1283 1149 1322 vetrinum
1169 1283 1258 1322 AB.

427 1346 464 1386 5.
494 1341 640 1375 vocant
658 1336 839 1389 Lipsius,
858 1338 1042 1376 vocitant
1060 1337 1367 1387 Schurzfleisch‚
1385 1338 1582 1378 vocabant
1601 1339 1720 1378 codd.

173 1334 294 1375 codd.

1519 1295 1557 1332 3.
1587 1283 1751 1323 invitus
1767 1284 1800 1323 B
1819 1297 1938 1331 corr„
1959 1283 2167 1322 invitatus

1850 1347 1884 1390 7.
1916 1338 1992 1378 isti
2008 1338 2166 1377 ABDE

174 1394 276 1441 (om.
296 1389 380 1429 CH
401 1390 483 1429 and
501 1390 594 1430 edd.
615 1397 738 1433 vett.:
770 1392 850 1431 del.
871 1394 946 1439 b):
978 1391 1050 1431 illi
1068 1392 1212 1432 Halm.

231 1504 293 1544 24.
323 1496 669 1542 scurrilitatem,
686 1493 977 1544 ‘buffoonery.’
1006 1493 1127 1534 Simi-

172 1547 234 1587 lar
263 1548 450 1588 cautious
476 1561 544 1587 are
573 1548 695 1599 given
722 1548 763 1588 in
790 1549 879 1589 Cic.
908 1549 959 1588 de
989 1549 1060 1588 Or.
1083 1550 1126 1589 ii.

177 1606 197 1649 ξ
236 1611 313 1653 237
348 1615 437 1654 sqq.
471 1615 522 1641 ne
551 1602 650 1654 quid
686 1603 837 1643 insulse
868 1633 878 1643 .
903 1634 912 1644 .
935 1633 943 1642 .
972 1617 1024 1642 ne
1054 1610 1126 1644 aut

173 1656 351 1697 scurrilis
384 1657 500 1696 iocus
528 1658 583 1696 sit
615 1663 687 1697 aut
719 1658 910 1697 mimicus
944 1659 986 1708 (ξ
1011 1657 1124 1708 239),

173 1711 352 1751 scurrilis
390 1712 546 1750 oratori
580 1711 776 1752 dicacitas
814 1725 966 1764 magno
1005 1725 1127 1764 opere

173 1765 367 1818 fugienda
387 1771 447 1804 est
468 1766 510 1815 (ξ
536 1767 648 1817 244),
666 1768 865 1818 temporis
879 1767 1005 1819 igitur
1019 1767 1126 1806 ratio

172 1825 214 1860 et
250 1819 380 1872 ipsius
415 1819 644 1860 dicacitatis
677 1821 908 1860 moderatio
947 1827 989 1860 et
1026 1826 1126 1861 tem-

171 1873 358 1926 perantia
399 1879 442 1914 et
478 1874 624 1914 raritas
661 1875 864 1915 dictorum
902 1875 1124 1928 distinguet

173 1933 376 1968 oratorem
424 1942 449 1967 a
495 1942 633 1969 scurra
679 1931 722 1980 (ξ
773 1930 867 1983 247)
889 1944 899 1970 t
946 1943 1014 1982 cp.
1052 1931 1123 1971 Or.

176 1987 196 2032 ξ
216 1983 280 2030 88,
302 1983 384 2022 and
404 1982 544 2034 Quint.
564 1984 618 2023 vi.
641 1995 680 2034 3,
704 1996 765 2036 29.

225 2040 378 2078 variet
405 2041 808 2086 compositionem,
866 2038 956 2079 The
977 2039 1125 2090 charge

174 2092 335 2144 against
356 2091 503 2132 Cicero
522 2105 607 2132 was
636 2093 726 2133 that
754 2093 807 2133 he
834 2092 1049 2145 neglected
1080 2099 1124 2132 to

173 2146 229 2185 do
262 2146 368 2186 this:
410 2145 501 2186 Sen.
534 2146 614 2198 Ep.
646 2158 736 2196 100,
768 2150 835 2199 §7
865 2147 976 2200 Lege
1006 2148 1124 2187 Cice-

171 2213 341 2241 ronem:
374 2201 623 2252 compositio
651 2202 736 2241 eius
764 2214 844 2242 una
871 2207 948 2251 est,
977 2202 1125 2254 pedem

173 2260 308 2295 servat
326 2254 437 2294 lenta
458 2261 497 2294 et
517 2256 603 2295 sine
621 2255 792 2295 infamia
811 2256 963 2296 mollis.

231 2320 294 2361 25.
325 2311 557 2349 clausulas
594 2340 603 2350 .
626 2340 636 2350 .
660 2341 669 2351 .
703 2313 1001 2360 determinet,
1039 2311 1065 2351 i.
1085 2324 1120 2351 e.

173 2364 225 2404 he
253 2362 288 2402 is
316 2369 361 2403 to
389 2364 512 2403 avoid
540 2377 566 2403 a
592 2365 916 2417 monotonously
944 2365 1124 2405 uniform

174 2420 184 2438 ‘
198 2417 446 2469 rhythmical
465 2418 644 2471 ending.’.
681 2419 756 2459 See
777 2432 831 2459 on
850 2419 930 2459 this
951 2433 1125 2472 passage

174 2471 226 2511 de
246 2472 317 2511 Or.
339 2472 398 2511 iii.
422 2474 442 2519 ᾗ
469 2484 542 2524 192
565 2486 625 2525 sq.
638 2473 772 2513 where
793 2474 954 2520 Cicero,
977 2475 1123 2526 speak-

173 2526 246 2578 ing
261 2526 309 2566 of
324 2531 333 2547 ‘
348 2526 554 2567 clausulae
570 2528 580 2543 ’
600 2541 692 2580 says
714 2529 724 2548 ‘
736 2528 778 2567 in
799 2528 982 2568 oratione
1002 2529 1124 2580 pauci

173 2581 353 2632 primum
365 2588 546 2627 cernunt,
561 2588 769 2634 postrema
789 2582 971 2635 plerique
989 2597 998 2621 :
1019 2596 1124 2634 quae

174 2635 369 2688 quoniam
395 2642 597 2688 apparent
621 2642 663 2676 et
690 2636 996 2688 intelleguntur,
1017 2637 1123 2676 vari-

173 2690 282 2729 anda
307 2696 410 2739 sunt,
433 2703 485 2729 ne
512 2696 584 2730 aut
615 2690 842 2731 animorum
876 2691 1038 2731 iudiciis
1063 2705 1123 2731 re·

174 2743 393 2796 pudientur
436 2749 506 2784 aut
552 2745 708 2784 aurium
759 2744 973 2786 satietate.’
1043 2747 1120 2798 Cp.

176 2798 298 2847 &both
326 2797 390 2837 for
420 2798 675 2842 ‘clausulae'
706 2801 787 2839 and
816 2800 881 2840 for
907 2800 1063 2852 variety
1083 2800 1130 2839 of

173 2852 340 2904 rhythm
370 2853 597 2904 generally)
627 2854 697 2893 Or.
731 2858 777 2902 §5
810 2866 1008 2895 212—220.
1067 2855 1123 2894 So

175 2906 295 2958 again
325 2906 373 2945 of
401 2907 558 2954 Cicero,
591 2907 745 2948 Seneca
779 2909 857 2960 Ep.
895 2919 986 2960 114,
1014 2911 1034 2955 ξ
1074 2908 1122 2947 16

174 2960 274 3012 quid
302 2960 373 2998 illa
402 2961 444 2999 in
472 2962 584 3000 exitu
610 2961 720 3000 lenta
742 2966 816 3010 (se.
839 2963 1122 3014 compositio),

175 3013 308 3065 qualis
337 3013 547 3054 Ciceronis
574 3020 651 3063 est,
681 3016 836 3055 devexa
868 3022 909 3055 et
942 3017 1125 3056 molliter

175 3068 359 3106 detinens
376 3080 450 3106 nec
473 3068 593 3107 aliter
611 3081 733 3120 quam
755 3069 874 3115 solet,
893 3070 946 3109 ad
967 3083 1123 3109 morem

178 3134 295 3160 suum
332 3121 558 3174 pedemque
598 3124 874 3174 respondens?
934 3124 1016 3162 For
1054 3137 1124 3163 nec

179 3206 188 3214 .
211 3206 222 3215 .
246 3205 255 3214 .
285 3174 537 3225 determinet,
559 3188 625 3215 see
652 3189 704 3216 on
733 3189 803 3216 nec
823 3206 832 3216 .
855 3208 864 3217 .
887 3207 896 3217 .
916 3178 1122 3230 experiar,

179 3231 230 3269 18
249 3229 302 3268 ad
322 3228 390 3267 fin.

232 3285 303 3322 23.
328 3293 362 3322 1.
390 3288 541 3323 rotam
578 3287 833 3326 Fortunae.
893 3285 984 3325 The
1022 3286 1122 3326 refe·

176 3349 294 3376 rence
313 3337 348 3377 is
367 3342 410 3376 to
430 3338 471 3377 in
490 3338 572 3378 Pis.
598 3343 617 3387 ξ
642 3350 689 3378 22
711 3340 752 3378 in
773 3353 855 3392 quo
884 3354 975 3380 cum
1003 3340 1122 3380 illum

134 3424 141 3433 ,.
178 3390 433 3431 saltatorium
487 3399 663 3433 versaret
724 3395 877 3439 orbem,
929 3408 980 3434 ne
1036 3402 1122 3434 tum

177 3445 343 3494 quidem
388 3446 592 3487 Fortunae
625 3453 758 3487 rotam
797 3449 1120 3501 pertimescebat.

179 3501 255 3552 Cp.
277 3499 431 3540 Tibull.
453 3500 478 3540 i.
509 3513 548 3553 5,
577 3509 629 3554 70
656 3508 837 3542 versatur
869 3503 991 3544 celeri
1020 3504 1122 3543 Fors

178 3553 278 3594 levis
297 3555 394 3594 orbe
414 3562 540 3597 rotae.

230 3610 305 3648 ius
335 3611 591 3662 verrinum,
624 3612 770 3652 ‘sauee
807 3612 872 3652 for
909 3610 1037 3666 pork’
1074 3625 1122 3652 or

1215 1495 1410 1535 ‘Verrine
1440 1493 1549 1535 law.’
1608 1496 1698 1535 The
1732 1509 1904 1548 passage
1939 1508 2083 1536 occurs
2123 1495 2165 1535 in

1211 1549 1328 1589 Verr.
1348 1550 1375 1588 i.
1406 1561 1440 1595 1,
1464 1555 1484 1597 ξ
1511 1561 1582 1589 121
1609 1550 1722 1591 Hinc
1750 1551 1812 1589 illi
1841 1551 2027 1590 homines
2054 1556 2167 1590 erant

1212 1604 1283 1656 qui
1302 1605 1428 1643 etiam
1444 1604 1607 1644 ridiculi
1621 1606 1927 1645 inveniebantur
1942 1619 1991 1645 ex
2006 1605 2164 1646 dolore.

1213 1659 1398 1709 Quorum
1410 1658 1496 1707 alii,
1511 1659 1555 1697 id
1569 1660 1680 1711 quod
1700 1673 1823 1711 saepe
1843 1659 2026 1706 audistis,
2042 1672 2166 1711 nega-

1210 1714 1308 1752 bant
1328 1713 1560 1753 mirandum
1580 1727 1666 1753 esse
1686 1714 1749 1753 ius
1769 1721 1854 1753 tam
1879 1727 2058 1766 nequam
2078 1726 2166 1753 esse

1210 1768 1428 1807 verrinum.
1488 1769 1603 1820 Aper
1639 1768 1775 1820 might
1814 1769 1917 1808 have
1950 1769 2041 1807 said
2074 1768 2165 1808 that

1211 1822 1359 1861 Cicero
1387 1822 1459 1860 did
1492 1822 1566 1861 n'ot
1598 1821 1722 1861 claim
1749 1823 1820 1863 the
1850 1822 2092 1875 autborship
2122 1822 2172 1862 of

1209 1876 1290 1916 this
1310 1876 1551 1928 deplorable
1572 1890 1654 1929 pun
1673 1892 1682 1917 :
1712 1890 1777 1929 cp.
1800 1878 1940 1929 Quint.
1961 1878 2013 1917 vi.
2039 1888 2077 1926 3,
2098 1890 2135 1928 4.

1270 1943 1305 1971 2.
1335 1933 1456 1970 illud.
1499 1935 1642 1971 tertio
1683 1944 1870 1979 quoque
1915 1944 2058 1971 sensu
2089 1963 2098 1972 .
2119 1962 2128 1972 .
2152 1963 2161 1972 .

1210 1989 1435 2034 positum,
1449 1989 1459 2008 ‘
1470 1985 1540 2025 the
1556 1985 1674 2026 stock
1689 1987 1842 2038 ending
1857 1986 1905 2026 of
1915 1999 2034 2038 every
2047 1986 2165 2026 other

1210 2042 1422 2079 sentence!
1480 2041 1563 2079 For
1580 2053 1734 2090 sensus,
1756 2054 1821 2081 see
1842 2054 1895 2080 on
1916 2042 1980 2080 20.
2006 2041 2067 2080 16.

1263 2107 1348 2140 pro
1372 2098 1635 2134 sententia:
1663 2095 1824 2135 instead
1856 2094 1903 2134 of
1924 2108 1949 2134 a
1978 2096 2162 2147 pointed,

1211 2148 1525 2200 epigrammatic
1545 2155 1767 2199 utterance,
1790 2149 1904 2188 there
1924 2150 1958 2189 is
1979 2150 2075 2201 only
2095 2151 2164 2190 the

1205 2202 1337 2255 jingle
1358 2203 1407 2242 of
1429 2216 1507 2242 esse
1535 2203 1741 2243 videatur.
1800 2204 1875 2255 Cp.
1898 2217 1991 2243 cum
2012 2204 2164 2244 lumine

1210 2257 1404 2308 quodam,
1427 2260 1491 2296 22.
1509 2269 1570 2307 13.
1628 2259 1676 2297 In
1696 2258 1765 2298 the
1785 2271 1896 2298 same
1923 2272 2015 2310 way
2035 2259 2163 2310 Quin-

1209 2312 1340 2360 tilian,
1380 2312 1579 2364 speaking
1626 2312 1673 2351 of
1712 2312 1831 2352 those
1876 2313 1972 2351 who
2014 2313 2164 2352 shelter

1210 2366 1454 2405 themselves
1473 2366 1602 2405 under
1615 2367 1684 2406 the
1701 2380 1820 2406 name
1840 2367 1888 2405 of
1899 2366 2058 2416 Cicero,
2071 2380 2164 2417 says

1213 2422 1270 2471 (x.
1303 2433 1338 2468 2,
1375 2421 1526 2472 17—18)
1564 2421 1712 2460 ‘otiosi
1745 2427 1786 2460 et
1817 2421 1965 2473 supini,
1999 2422 2033 2460 si
2063 2422 2163 2473 quid

1210 2475 1337 2514 modo
1370 2474 1533 2526 longius
1565 2476 1930 2522 circumduxerunt,
1953 2476 2084 2515 iurant
2103 2477 2163 2515 ita

1210 2529 1451 2569 Ciceronem
1488 2530 1723 2569 locuturum
1758 2530 1893 2570 fuisse.
1951 2530 2163 2569 Noveram

1209 2584 1409 2635 quosdam
1429 2581 1561 2636 quise
1582 2585 1748 2636 pulchre
1773 2584 2016 2636 expressisse
2035 2598 2163 2635 genus

1208 2638 1314 2677 illud
1334 2638 1521 2678 caelestis
1550 2639 1669 2679 huius
1699 2639 1739 2677 in
1772 2638 1948 2678 dicendo
1977 2639 2053 2677 viri
2084 2639 2162 2678 sibi

1208 2693 1450 2740 viderentur,
1474 2693 1506 2731 si
1541 2693 1583 2732 in
1613 2693 1797 2734 clausula
1824 2693 2056 2745 posuissent
2084 2707 2163 2733 esse

1208 2745 1430 2787 videatur.'

1262 2814 1302 2852 4.
1331 2804 1615 2850 exprimunt,
1665 2805 1675 2823 ‘
1691 2802 1916 2853 reproduce
1930 2800 1940 2817 ’
1958 2816 1967 2842 ε

1209 2858 1272 2895 20.
1295 2867 1338 2894 11
1362 2870 1371 2895 :
1392 2858 1456 2895 21.
1478 2857 1532 2895 ad
1543 2856 1613 2896 fin.
1652 2856 1819 2896 Instead
1840 2857 1888 2895 of
1901 2856 1971 2896 the
1991 2856 2163 2907 reading

1208 2910 1249 2948 in
1279 2909 1347 2949 the
1375 2916 1472 2960 text,
1506 2910 1738 2949 imitantur
1765 2916 1887 2962 atque
1918 2911 2164 2962 exprimunt

1208 2964 1282 3002 has
1320 2964 1421 3002 been
1459 2965 1677 3015 suggested
1716 2964 2015 3017 (Cornelissen)
2038 2979 2048 3004 ε
2094 2978 2161 3017 cp.

1209 3018 1294 3056 Cic.
1316 3017 1387 3057 Or.
1410 3020 1429 3064 ξ
1456 3028 1504 3068 19
1527 3032 1536 3057 :
1565 3018 1616 3057 de
1637 3017 1708 3057 Or.
1728 3018 1772 3057 ii.
1794 3023 1812 3065 ξ
1837 3030 1904 3069 90.

1265 3083 1301 3122 5.
1331 3074 1566 3118 antiquos,
1588 3071 1636 3110 of
1651 3071 1720 3110 the
1739 3072 1850 3122 good
1871 3071 1942 3111 old
1959 3071 2115 3111 school.

1262 3124 1301 3163 6.
1332 3127 1630 3171 significasse.
1691 3126 1773 3164 For
1800 3126 1882 3164 this
1910 3125 2022 3167 infin.
2057 3125 2162 3166 after

1207 3184 1429 3227 contentus,
1451 3192 1516 3218 see
1537 3192 1589 3218 on
1605 3179 1791 3230 probasse
1813 3181 1875 3220 18.
1902 3191 1962 3229 13.

1262 3235 1440 3283 utique,
1468 3235 1478 3254 ‘
1491 3233 1539 3272 of
1554 3232 1723 3282 course,'
1741 3237 1752 3255 ‘
1770 3232 1974 3286 anyhOW‚'
1996 3235 2008 3254 ‘
2025 3234 2067 3273 in
2081 3248 2161 3287 any

1208 3286 1325 3327 case.'

1265 3350 1301 3392 7.
1333 3343 1574 3382 Lucilium
1630 3354 1716 3388 pro
1775 3344 1990 3381 Horatio.

2028 2814 2073 2840 as
2119 2807 2163 2841 at

1209 3396 1346 3447 Quint.
1378 3410 1416 3434 x.
1453 3407 1488 3444 1,
1520 3400 1540 3442 ξ
1576 3407 1626 3447 93
1658 3396 1839 3435 Lucilius
1870 3396 2070 3448 quosdam
2101 3356 2159 3436 iia

1206 3450 1368 3490 deditos
1388 3451 1465 3489 sibi
1483 3450 1617 3489 adhuc
1635 3450 1763 3489 habet
1783 3457 1985 3490 amatores
2005 3459 2049 3490 ut
2064 3465 2159 3491 eum

1207 3518 1289 3544 non
1309 3505 1491 3544 eiusdem
1514 3504 1640 3543 modo
1665 3506 1800 3556 operis
1827 3506 2061 3544 auctoribus
2088 3506 2160 3545 sed

1208 3560 1396 3598 omnibus
1416 3559 1549 3610 poetis
1569 3559 1767 3610 praeferre
1786 3572 1867 3598 non
1889 3558 2089 3599 dubitent.

1262 3616 1538 3654 Lucretium
1562 3626 1647 3660 pro
1679 3615 1904 3661 Vergilio.
1961 3614 2009 3653 In
2031 3614 2161 3666 Quin-

2192 479 2243 520 25
