2424 4166
160 409 211 450 15

158 873 210 901 20

239 256 309 305 24
895 241 1281 293 CORNELII
1328 242 1417 292 TA
1430 242 1511 295 CI
1514 243 1596 293 TI

236 385 441 437 heroici
480 384 734 438 carminis
772 402 985 449 sonum,
1022 385 1120 437 sed
1156 385 1454 453 lyricorum
1490 404 1711 456 quoque
1749 388 2146 441 iucunditatem
2186 395 2243 439 et

236 478 516 545 elegorum
543 478 793 531 lascivias
820 486 876 531 et
903 478 1212 531 iamborum
1240 480 1666 534 amaritudinem
1695 489 1752 533 et
1778 473 2241 550 epigrammatum

236 571 386 623 lusus
431 580 488 624 et
531 589 939 640 quamcumque
982 572 1146 624 aliam
1190 573 1429 641 speciem
1475 573 1789 642 eloquentia
1834 575 2038 628 habeat
2087 584 2242 628 ante-

233 667 549 732 ponendam
601 667 796 719 ceteris
844 666 1099 719 altiorum
1151 667 1352 718 artium
1403 669 1599 720 studiis
1649 670 1828 722 credo.
1907 669 2019 722 Sed
2058 677 2242 723 tecum

235 758 382 823 mihi,
411 759 679 822 Materne,
707 778 793 811 res
827 767 924 823 est,
952 760 1119 827 quod,
1145 777 1271 812 cum
1311 769 1508 813 natura
1543 769 1592 813 te
1625 769 1721 814 tua
1755 763 1809 814 in
1846 764 2024 831 ipsam
2059 780 2243 816 arcem

234 852 580 920 eloquentiae
605 853 758 915 ferat,
784 870 965 905 errare
994 854 1168 905 mavis
1194 862 1250 906 et
1276 871 1495 908 summa
1521 856 1822 924 adepturus
1857 859 1912 908 in
1946 857 2244 909 levioribus

233 946 499 998 subsistis,
560 947 642 999 Ut
669 947 714 999 si
743 947 797 998 in
827 947 1060 1012 Graecia
1087 955 1248 999 natus
1275 965 1437 1011 esseS‚
1458 949 1551 1000 ubi
1583 949 1822 1003 ludicras
1849 968 2071 1018 quoque
2096 959 2242 1003 artes

233 1056 490 1092 exercere
517 1040 814 1093 honestum
844 1050 943 1102 est,
972 1057 1037 1093 ac
1062 1041 1164 1092 tibi
1194 1041 1495 1094 Nicostrati
1524 1043 1691 1094 robur
1715 1061 1780 1096 ac
1809 1044 1951 1096 vires
1977 1045 2033 1096 di
2059 1045 2242 1097 dedis·

231 1139 366 1196 sent,
412 1149 524 1184 non
566 1141 784 1200 paterer
827 1134 1097 1186 immanes
1138 1134 1274 1186 istos
1320 1141 1376 1187 et
1410 1136 1482 1187 ad
1527 1152 1773 1204 pugnam
1812 1145 1972 1189 natos
2007 1137 2242 1191 lacertos
2306 1155 2309 1158 ⁴

230 1225 456 1278 levitate
482 1226 642 1278 iaculi
669 1235 764 1280 aut
793 1227 939 1281 iactu
962 1227 1097 1280 disci
1126 1244 1436 1292 vanescere,
1465 1229 1543 1280 sic
1576 1246 1720 1282 nunc
1754 1238 1810 1282 te
1844 1232 1916 1283 ab
1951 1232 2243 1286 auditoriis

230 1338 351 1434 M'116l.
384 1340 606 1392 elegiarum
627 1340 715 1381 AB.
773 1346 813 1381 et
832 1340 926 1381 add.
952 1340 1181 1382 Acidalius.

230 1419 246 1433 .
281 1408 307 1433 u
343 1408 398 1436 er.

1272 1349 1332 1393 17.
1363 1341 1512 1382 habeat
1536 1343 1675 1390 codd.,
1696 1344 1815 1385 habet
1835 1345 2067 1395 Heumann,
2091 1346 2241 1396 Halm,

473 1397 532 1435 18.
553 1395 755 1435 altiorum
783 1396 1014 1443 Andresen,
1030 1396 1223 1435 aliarum
1244 1397 1364 1437 codd.
1382 1398 1463 1436 and
1478 1398 1603 1450 John.
1639 1399 1718 1451 Qy.
1731 1399 1974 1440 alienarum
1990 1401 2011 1441 ?
2038 1415 2102 1454 cp.
2118 1403 2156 1441 2.
2178 1410 2242 1454 17.

233 1460 296 1500 19.
325 1454 363 1488 te
390 1449 486 1490 add.
510 1450 653 1490 Halm.
728 1463 863 1489 arcem
894 1451 1050 1500 EV2H‚
1078 1455 1211 1490 artem
1232 1451 1446 1491 ABCAD.
1662 1465 1725 1493 20.
1753 1454 1981 1506 adepturus
2010 1456 2228 1496 Acidalius

227 1505 400 1556 adeptus
415 1504 538 1545 codd.
562 1506 646 1558 (cp.
667 1505 905 1557 ingressuri
922 1507 990 1545 33.
1012 1507 1072 1556 8).
1191 1518 1212 1545 2
1221 1518 1257 1557 3.
1287 1505 1385 1547 istos
1404 1507 1541 1558 ABD,
1561 1508 1654 1548 illos
1672 1509 1867 1561 EV2CH.

1995 1522 2058 1563 24.
2090 1488 2242 1564 [iactuj

229 1559 458 1599 Andresen.

287 1652 350 1692 15.
379 1654 562 1692 sonum,
603 1644 613 1663 ‘
635 1642 744 1695 lofty
780 1643 926 1683 tones.’
983 1643 1064 1696 Cp.
1104 1642 1192 1684 Cic.

228 1696 280 1736 de
300 1697 372 1737 Or.
394 1697 435 1736 ii.
461 1701 480 1745 ξ
505 1707 559 1749 54
577 1696 740 1736 addidit
768 1697 968 1738 historiae
995 1698 1194 1738 maiorem

229 1765 376 1791 sonum
392 1752 547 1792 *vocisz
590 1752 733 1802 Quint.
763 1753 790 1792 i.
823 1754 860 1801 8,
895 1764 917 1804 5
950 1753 1115 1792 interim
1153 1758 1195 1792 et

227 1806 484 1847 sublimitate
520 1806 637 1846 heroi
686 1806 880 1847 carminis
920 1808 1082 1847 animus
1119 1808 1193 1846 ad-

227 1866 393 1913 surgat:
435 1861 492 1900 id.
513 1875 551 1901 x.
572 1873 608 1910 1,
629 1860 680 1900 68
709 1863 890 1914 gravitas
910 1868 951 1902 et
970 1863 1194 1902 cothurnus

1280 1643 1450 1685 Iambus
1481 1673 1490 1683 .
1510 1674 1519 1684 .
1545 1676 1553 1685 .
1596 1645 1711 1685 cuius
1747 1646 1947 1686 acerbitas
1975 1648 2018 1687 in
2051 1648 2240 1699 Catullo,

1280 1698 1494 1748 Bibaculo,
1520 1699 1700 1740 Horatio
1723 1732 1732 1740 .
1754 1732 1763 1741 .
1786 1731 1796 1741 .
1816 1702 2052 1754 reperietur.

1337 1761 1399 1805 17.
1429 1757 1613 1794 habeat.
1673 1755 1855 1808 Though
1885 1757 1968 1796 this
2000 1770 2070 1798 use
2099 1757 2148 1798 of
2168 1758 2241 1800 the

1277 1808 1378 1859 subj.
1400 1809 1436 1848 is
1463 1815 1536 1849 not
1564 1810 1722 1862 strictly
1740 1811 1939 1861 classical‚
1971 1812 2042 1852 the
2068 1813 2241 1867 reading

1277 1863 1326 1902 of
1340 1863 1410 1903 the
1431 1863 1551 1904 MSS.
1573 1863 1724 1904 should
1743 1866 1795 1906 be
1814 1867 2042 1918 preserved.

226 1922 269 1955 et
289 1929 414 1955 sonus
442 1916 655 1968 Sophocli.

282 1973 641 2021 iucunditatem,
695 1969 886 2011 ‘charm.'
956 1971 1014 2012 So
1062 1971 1193 2023 Quin-

225 2025 359 2074 tilian,
377 2025 425 2064 of
439 2026 508 2066 the
529 2026 630 2076 lyric
650 2032 747 2078 poet
761 2026 1008 2075 Simonides,
1026 2032 1036 2048 ‘
1050 2026 1191 2066 iucun-

226 2080 358 2119 ditate
387 2080 568 2131 quadam
597 2081 878 2121 commendari
900 2081 1066 2133 potest‚'
1086 2094 1123 2119 x.
1152 2092 1186 2128 1,

225 2133 293 2185 64,
324 2134 407 2173 and
437 2135 485 2174 of
514 2135 681 2175 Horace
711 2136 885 2188 ‘plenus
913 2142 974 2175 est
1002 2135 1188 2175 iucundi—

224 2189 323 2228 tatis
369 2195 412 2229 et
453 2191 640 2241 gratiae,’
680 2190 734 2229 ib.
779 2195 798 2238 ξ
835 2189 900 2242 96.
977 2190 1049 2229 Tr.
1091 2190 1189 2231 ‘the

225 2244 443 2295 charming
479 2244 594 2296 lyric,
631 2244 703 2285 the
739 2251 906 2284 wanton
944 2244 1075 2297 elegy‚
1117 2245 1188 2285 the

225 2298 362 2350 biting
390 2301 526 2347 satire,
558 2299 628 2339 the
666 2299 827 2351 playful
865 2300 1068 2352 epigram,
1107 2301 1189 2340 and

225 2366 348 2405 every
369 2354 488 2394 other
507 2353 608 2393 kind
629 2355 676 2394 of
691 2353 927 2395 literature.'

286 2408 349 2447 16.
379 2411 632 2455 elegorum.
691 2409 795 2448 This
823 2410 860 2448 is
892 2409 963 2449 the
997 2422 1191 2449 common

224 2462 349 2511 form,
378 2476 413 2502 e.
426 2476 467 2515 g.
497 2463 753 2503 miserabiles
774 2494 783 2504 .
816 2493 826 2503 .
859 2493 868 2503 .
897 2464 1048 2516 elegos,
1079 2465 1186 2505 Hor.

226 2517 306 2558 Od.
328 2517 355 2556 i.
379 2530 442 2568 33,
479 2529 527 2558 2:
556 2519 607 2558 A.
630 2519 674 2558 P.
700 2526 778 2570 77;
807 2518 991 2571 exiguos,
1023 2518 1117 2558 Tib.
1143 2519 1185 2559 ii.

224 2586 266 2620 4,
311 2582 391 2621 13:
439 2573 625 2624 Propert.
659 2586 696 2612 v.
736 2584 771 2619 1,
808 2584 914 2624 1353
961 2573 1054 2624 Juv.
1089 2574 1116 2613 i.
1150 2587 1189 2625 4.

226 2626 338 2666 Ovid
357 2626 432 2666 has
451 2627 616 2678 elegei'a,
643 2626 794 2667 flebilis
819 2627 1013 2679 indignos
1032 2628 1191 2680 elege'ia

227 2680 342 2720 solve
380 2681 572 2732 capillos,
604 2682 700 2722 Am.
731 2681 788 2720 iii.
810 2694 851 2731 9,
875 2694 928 2733 3:
971 2694 1037 2734 cp.
1068 2683 1191 2722 cultis

224 2741 299 2774 aut
329 2734 465 2786 elegia
502 2736 647 2783 comis,
682 2735 805 2776 Mart.
836 2749 877 2776 v.
916 2748 978 2787 30,
1014 2749 1054 2789 4.
1112 2737 1189 2777 See

227 2789 370 2841 Quint.
392 2804 430 2829 x.
458 2801 491 2838 1,
513 2793 532 2837 ξ
555 2801 619 2842 93.

286 2846 519 2890 lascivias,
565 2847 574 2864 ‘
598 2843 880 2896 playfulness.’

225 2898 427 2939 indicates
473 2899 726 2939 exuberance
764 2900 813 2939 of
854 2913 935 2952 any
979 2901 1096 2950 kind,
1145 2914 1190 2940 as

225 2954 390 3004 against
420 2966 556 2993 severe
583 2954 796 2994 restraint:
843 2955 951 2994 Hor.
974 2956 1025 2995 A.
1042 2955 1086 2994 P.
1113 2955 1188 2994 106

225 3007 437 3047 ludentem
467 3008 621 3048 lasciva
646 3007 789 3061 (verba
817 3008 980 3061 decent)
1002 3022 1188 3050 severum

225 3062 331 3101 seria
351 3063 479 3111 dicta,
500 3063 527 3102 i.
543 3076 578 3103 e.
602 3065 613 3084 ‘
628 3062 832 3115 sportive'
853 3077 898 3103 as
927 3066 1113 3117 opposed
1143 3071 1188 3105 to

225 3120 236 3138 ‘
252 3115 429 3157 serious'
445 3132 455 3156 ε
485 3118 563 3169 Ep.
578 3117 622 3157 ii.
648 3129 680 3165 2,
709 3118 787 3158 216
807 3118 962 3159 lasciva
981 3119 1189 3160 decentius

225 3177 354 3221 aetas,
373 3172 485 3212 ‘that
514 3184 612 3224 may
639 3186 753 3213 more
782 3173 1047 3226 becomingly
1066 3175 1189 3215 make

226 3224 388 3278 merry.'
445 3227 502 3266 So
515 3227 748 3278 Quintilian
764 3240 872 3280 says,
888 3228 1063 3268 Ovidius
1076 3236 1185 3269 utro-

227 3293 307 3333 que
330 3280 521 3332 (Tibullo
546 3287 587 3321 et
606 3282 839 3334 Propertio)
862 3282 1055 3323 lascivior
1082 3284 1188 3324 sicut

226 3335 367 3374 durior
395 3334 558 3384 Gallus,
589 3349 626 3375 x.
652 3347 689 3385 1,
715 3349 781 3389 93,
811 3337 945 3376 where
978 3350 1044 3378 see
1075 3345 1184 3378 note.

226 3389 424 3429 Lascivia
458 3403 591 3430 recurs
623 3392 744 3431 twice
783 3391 824 3431 in
862 3391 932 3431 the
962 3392 1187 3445 Dialogue‚

227 3444 311 3482 chs.
335 3445 398 3484 26.
423 3451 445 3495 7
466 3445 547 3484 and
566 3446 631 3485 29.
656 3453 691 3497 7.

283 3501 658 3550 amaritudinem,
680 3498 943 3553 ‘acrimony.’
976 3500 1067 3540 The
1082 3500 1186 3552 figu-

225 3552 354 3590 rative
370 3565 441 3592 use
461 3553 507 3592 of
520 3554 602 3593 this
618 3555 731 3593 word
746 3568 888 3595 occurs
902 3557 942 3594 in
958 3555 1189 3607 Quintilian

229 3605 285 3657 (x,
313 3616 349 3655 1,
375 3609 486 3656 117),
525 3608 648 3660 Pliny
680 3609 750 3649 the
779 3610 986 3661 Younger,
1020 3610 1186 3658 Seneca,

225 3660 308 3699 aud
339 3661 528 3702 Valerius
558 3663 780 3705 Maximus.
840 3664 981 3717 Quint.
1011 3678 1052 3705 x·
1076 3675 1111 3716 1,
1135 3664 1187 3719 96

936 2845 1028 2885 The
1073 2846 1191 2886 word

1337 1919 1397 1958 18.
1429 1921 1654 1959 altiorum
1673 1923 1858 1960 artium.
1887 1920 1956 1970 So,
1970 1921 2072 1962 with
2083 1923 2241 1976 special

1277 1972 1480 2013 reference
1507 1979 1553 2013 to
1572 1974 1839 2027 philosophy,
1861 1975 1972 2016 Hist.
1994 1976 2048 2015 iv.
2073 1989 2112 2028 5,
2135 1988 2157 2028 5
2179 1979 2239 2018 in·

1275 2027 1447 2078 genium
1469 2027 1638 2068 inlustre
1666 2029 1884 2069 altioribus
1909 2030 2060 2071 studiis
2079 2033 2239 2072 iuvenis

1275 2082 1504 2121 admodum
1524 2082 1664 2123 dedit:
1696 2084 1835 2135 Quint.
1849 2085 1933 2125 viii.
1951 2097 1989 2136 3,
2009 2098 2029 2125 2
2049 2100 2058 2126 :
2088 2087 2131 2126 ii.
2149 2098 2185 2136 1,
2201 2099 2237 2138 3.

1277 2136 1355 2188 Cp.
1379 2136 1487 2177 Plin.
1505 2137 1582 2189 Ep.
1599 2151 1637 2178 v.
1658 2137 1722 2186 16,
1739 2138 1762 2176 8
1783 2146 1829 2178 ut
1847 2140 1919 2191 qui
1939 2153 1982 2180 se
2000 2141 2055 2180 ab
2074 2141 2239 2183 ineunte

1275 2197 1411 2231 aetate
1423 2191 1638 2232 altioribus
1657 2193 1803 2233 studiis
1818 2195 2055 2247 artibusque
2067 2195 2238 2237 dederit.

1335 2256 1396 2298 19.
1426 2251 1597 2286 natura
1617 2277 1626 2287 .
1645 2277 1655 2286 .
1672 2277 1681 2287 .
1703 2250 1824 2288 ferat
1842 2262 1852 2287 :
1882 2249 1970 2288 Cic.
1984 2250 2035 2290 de
2047 2249 2165 2291 Orat.
2178 2252 2237 2292 iii.

1279 2303 1300 2348 ξ
1325 2312 1374 2351 35
1409 2313 1494 2354 quo
1524 2315 1598 2341 sua
1634 2315 1837 2355 quemque
1873 2310 2020 2344 natura
2056 2306 2240 2346 maxime

1276 2355 1379 2395 ferre
1398 2356 1605 2396 videatur:
1638 2358 1751 2398 Brut.
1774 2362 1794 2405 ξ
1815 2370 1905 2409 204.

1331 2422 1485 2450 arcem
1504 2414 1815 2458 eloquentiae.
1858 2414 1998 2465 Quint.
2015 2413 2085 2454 xii.
2102 2425 2167 2465 11,
2186 2415 2237 2455 28

1278 2464 1479 2505 Cicerone
1499 2479 1636 2506 arcem
1655 2472 1817 2507 tenente
1835 2467 2109 2521 eloquentiae.

1334 2531 1398 2560 20.
1437 2523 1491 2559 in
1536 2523 1798 2561 levioribus
1845 2526 2079 2563 subsistis.
2156 2525 2237 2578 Cp.

1277 2573 1418 2625 Quint.
1440 2574 1467 2614 i.
1488 2574 1553 2614 Pr.
1584 2579 1604 2623 ξ
1629 2587 1680 2616 20
1708 2576 1835 2616 altius
1860 2583 2000 2618 tamen
2028 2579 2148 2619 ibunt
2167 2580 2238 2632 qui

1277 2629 1331 2667 ad
1351 2642 1512 2668 summa
1530 2630 1711 2669 nitentur
1724 2643 1850 2683 quam
1865 2633 1937 2684 qui
1957 2661 1967 2671 .
1991 2662 2002 2673 .
2023 2663 2033 2672 .
2051 2634 2238 2685 protinus

1276 2683 1384 2722 circa
1403 2683 1487 2723 ima
1505 2684 1781 2726 substiterint:
1804 2685 1896 2726 Sen.
1913 2686 2109 2728 ContrOV.
2121 2701 2159 2727 x.
2173 2702 2237 2741 pr.

1279 2740 1299 2785 ς
1335 2736 1384 2776 16
1423 2738 1478 2777 ad
1516 2751 1677 2779 summa
1723 2753 1916 2780 evasurus
1960 2742 2119 2782 iuvenis
2157 2745 2237 2783 nisi

1277 2792 1453 2832 modicis
1473 2798 1687 2833 contentus
1706 2800 1822 2834 esset.
2267 2842 2275 2850 ι

1335 2858 1399 2887 21.
1428 2850 1635 2888 ludicras
1666 2879 1675 2888 .
1693 2878 1703 2889 .
1727 2877 1737 2887 .
1767 2853 1916 2889 artes:
1948 2850 2043 2891 ‘the
2070 2864 2239 2893 accom-

1276 2901 1522 2953 plishments
1537 2902 1584 2941 of
1599 2902 1669 2942 the
1687 2903 1835 2942 arena.’
1879 2903 2034 2945 Seneca
2053 2908 2238 2960 supplies

1276 2968 1301 2993 a
1320 2955 1535 2996 definition
1552 2970 1560 2996 :
1591 2957 1775 2997 ludicrae
1796 2965 1888 2998 sunt
1904 2972 2009 3011 quae
2023 2961 2077 3000 ad
2091 2962 2238 3015 volup·

1275 3016 1403 3050 tatem
1438 3011 1653 3051 oculorum
1686 3019 1809 3065 atque
1846 3015 2007 3054 aurium
2045 3016 2235 3066 tendunt,

1274 3066 1357 3119 Ep.
1375 3066 1443 3116 88,
1463 3078 1527 3107 22.
1584 3067 1664 3119 Cp.
1685 3068 1825 3118 Quint.
1847 3068 1906 3108 iii.
1927 3068 1967 3115 6,
1992 3071 2055 3110 18.

1332 3132 1395 3159 22.
1426 3123 1728 3161 Nicostratus
1755 3135 1840 3162 was
1868 3136 1921 3163 an
1950 3131 2166 3176 ornament
2194 3127 2244 3167 of

1273 3175 1343 3215 the
1370 3175 1590 3227 prize·ring
1616 3176 1658 3215 in
1693 3177 1763 3216 the
1790 3177 1938 3217 earlier
1969 3186 2062 3231 part
2096 3181 2144 3220 of
2164 3179 2237 3222 the

1273 3230 1360 3269 first
1399 3238 1579 3282 century.
1638 3231 1869 3282 Quintilian
1902 3232 1988 3272 had
2018 3247 2111 3274 seen
2147 3235 2235 3275 him

1272 3285 1392 3323 when
1420 3299 1446 3324 a
1472 3298 1613 3337 young
1641 3298 1737 3324 man
1760 3286 1821 3337 (ii.
1844 3287 1882 3333 8,
1908 3290 1993 3338 14),
2022 3289 2104 3328 and
2127 3289 2233 3329 Pau·

1272 3339 1408 3378 sanias
1443 3339 1498 3391 (v.
1530 3350 1593 3385 21,
1627 3339 1698 3392 11)
1731 3341 1845 3392 gives
1877 3341 1943 3380 his
1973 3355 2094 3383 name
2130 3357 2176 3384 as
2209 3358 2236 3385 a

1272 3394 1403 3433 victor
1421 3394 1463 3432 in
1483 3394 1552 3433 the
1571 3394 1767 3446 Olympio
1787 3394 1955 3436 Games.

1330 3459 1393 3498 23.
1426 3451 1487 3487 ad
1504 3461 1727 3499 pugnam,
1748 3449 1776 3488 i.
1793 3462 1826 3490 e.
1852 3450 1905 3489 ad
1925 3451 2172 3504 pugilatum.

1331 3514 1392 3553 24.
1422 3505 1567 3543 iaculi
1603 3534 1613 3543 .
1652 3533 1663 3543 .
1702 3533 1711 3543 .
1752 3506 1893 3544 iaetu.
1978 3506 2149 3548 Tacitus
2191 3509 2234 3548 in

1272 3556 1344 3596 the
1374 3557 1582 3608 Dialogue
1613 3557 1714 3598 does
1742 3567 1815 3598 not
1848 3560 1972 3599 avoid
2000 3561 2070 3602 the
2094 3561 2232 3613 juxta-

1272 3612 1454 3664 position
1489 3612 1536 3651 of
1565 3611 1635 3652 the
1666 3625 1779 3652 same
1808 3627 1855 3652 or
1883 3614 2042 3655 similar
2070 3617 2233 3657 words:

1276 3669 1314 3707 2.
1336 3666 1361 3706 6
1381 3666 1565 3707 studiose
1595 3696 1607 3708 .
1629 3698 1639 3707 .
1659 3698 1669 3708 .
1700 3668 1931 3708 studiorum
1952 3684 1963 3711 ς
2008 3671 2045 3715 7.
2078 3682 2099 3710 2
2125 3671 2234 3713 latus
