2424 4166
222 241 291 294 74
878 228 1266 280 CORNELII
1302 231 1391 281 ΤΑ
1405 231 1485 282 CI
1489 231 1571 280 TI

293 372 453 425 ‘Non
491 369 641 442 sum’
682 371 861 440 inquit
900 376 912 399 ‘
936 373 1176 426 offensus
1203 373 1347 443 Apri
1385 373 1777 443 disputatione,
1818 391 1917 426 nec
1957 390 2097 426 nunc
2123 388 2223 425 vos

218 464 426 519 offendi
453 466 684 531 decebit,
702 466 747 518 si
773 467 908 535 quid
935 467 1076 520 forte
1101 485 1256 520 aures
1281 475 1492 521 vestras
1512 468 1864 537 perstringat,
1887 484 2014 519 curn
2041 465 2227 519 sciatis

218 558 362 611 hanc
413 576 533 613 esse
582 561 699 613 eius
751 561 902 614 modi
954 578 1274 614 sermonum
1325 561 1522 632 legem,
1569 562 1835 614 iudicium
1880 561 2051 613 animi
2089 560 2227 613 citra

144 670 194 699 10
219 653 484 706 damnum
511 654 761 708 adfectus
787 652 1059 722 proferre.’

292 747 533 816 ‘Perge'
572 749 750 816 inquit
790 749 1077 802 Maternus
1117 754 1203 802 ‘et
1240 766 1366 801 cum
1405 750 1476 802 de
1501 749 1742 817 antiquis
1782 747 2038 816 loquaris,
2073 754 2228 800 utere

219 842 447 910 antiqua
500 841 768 904 libertate,
822 861 854 895 a
905 860 1016 911 qua
1067 843 1154 896 vel
1206 844 1383 910 magis
1437 843 1885 911 degeneravimus
1936 858 2104 910 quam
2155 841 2228 893 ab

220 934 563 1002 eloquentia.'

293 1031 398 1085 28.
440 1029 517 1080 Et
556 1028 852 1082 Messalla:
891 1029 1052 1082 ‘Non
1087 1030 1415 1091 reconditaS,
1446 1029 1715 1092 Materne,
1754 1046 1946 1082 causas
1984 1027 2228 1097 requiris,

221 1138 320 1174 nec
346 1129 443 1174 aut
469 1122 569 1175 tibi
610 1123 714 1190 ipsi
750 1131 847 1175 aut
886 1123 1013 1177 huic
1046 1122 1300 1176 Secundo
1333 1122 1422 1174 vel
1457 1122 1585 1175 huic
1611 1123 1773 1192 Apro
1801 1123 2033 1192 ignotas,
2059 1122 2228 1174 etiam

219 1217 265 1267 si
295 1215 429 1267 mihi
455 1223 643 1284 partes
669 1217 973 1284 adsignatis
998 1216 1310 1285 proferendi
1338 1216 1394 1268 in
1427 1216 1670 1269 medium
1706 1234 1850 1284 quae
1885 1233 2079 1268 omnes
2105 1231 2228 1267 sen-

219 1308 402 1359 timuS.

481 1308 622 1377 Quis
650 1310 794 1361 enim
824 1311 1040 1379 ignorat
1066 1318 1121 1363 et
1150 1309 1523 1378 eloquentiam
1551 1318 1606 1362 et
1645 1319 1856 1363 ceteras
1883 1318 2029 1362 artes
2053 1309 2230 1361 desci-

174 1401 363 1469 5visse
409 1402 480 1454 ab
526 1402 618 1455 illa
658 1411 844 1456 vetere
894 1402 1070 1473 gloria
1122 1421 1230 1455 non
1282 1404 1469 1473 inopia
1519 1404 1824 1468 hominum,
1870 1404 1970 1456 sed
2018 1402 2230 1455 desidia

278 1536 315 1580 7.
344 1529 463 1581 Apri
488 1529 663 1581 Vahlen,
694 1545 722 1571 a
742 1531 893 1583 prima
921 1531 1059 1580 codd„
1079 1531 1198 1585 Apri
1213 1532 1298 1572 mei
1323 1531 1632 1573 Sehurzfleisch.

1716 1545 1788 1572 nec
1815 1545 1931 1572 nunc
1961 1532 1998 1572 is
2016 1544 2088 1583 my
2106 1529 2230 1594 conj„

221 1596 322 1622 nam
351 1597 422 1623 nec
445 1585 633 1637 EV2CA,
663 1599 765 1626 nam
793 1591 833 1626 et
860 1587 1044 1636 ABDH‚
1076 1601 1147 1626 nec
1175 1587 1266 1626 Put.
1295 1587 1377 1626 and
1407 1587 1555 1636 Halm,
1576 1588 1672 1627 who
1693 1586 1783 1627 also
1812 1599 2014 1640 proposes
2042 1598 2115 1626 nec
2142 1598 2232 1625 iam

222 1638 453 1688 (Andresen
473 1653 543 1679 nec
562 1639 690 1691 mea).

933 1643 971 1682 8.
992 1641 1257 1694 perstringat
1275 1642 1365 1692 AB,
1378 1642 1634 1695 perstringit
1652 1642 1920 1692 EV2CAHb‚
1932 1640 2157 1694 perstrigit
2173 1641 2230 1681 D.

223 1703 285 1732 11.
316 1698 356 1732 et
373 1706 467 1734 cum
502 1695 676 1744 EV2CA
699 1694 800 1748 (om.
832 1696 987 1749 HSp.),
1008 1709 1103 1736 cum
1124 1697 1256 1736 ABD.

1426 1708 1488 1736 12.
1520 1710 1547 1736 a
1565 1710 1650 1749 qua
1669 1701 1699 1736 b
1720 1697 1803 1736 and
1821 1696 1928 1745 edd„
1950 1709 2035 1749 qua
2053 1694 2174 1736 codd.

276 1750 349 1786 28.
377 1759 432 1799 J.
473 1750 535 1788 Et
573 1750 852 1802 EV2CADH,
890 1751 979 1801 Qui
1014 1752 1105 1801 AB,
1143 1752 1254 1791 Tum
1293 1752 1328 1790 B
1367 1765 1482 1800 corr„
1529 1752 1616 1791 Cui
1656 1752 1817 1792 Halm:
1867 1751 2046 1803 perhaps
2076 1751 2230 1802 Atque.

222 1813 259 1852 5.
290 1801 511 1842 hominum
541 1804 679 1853 codd„
700 1806 905 1845 honorum
939 1806 1157 1854 Baehrens,
1177 1806 1470 1858 praemiroum
1505 1806 1763 1857 Helmreich,
1793 1805 2059 1858 ingeniorum
2078 1804 2227 1858 Jacob,

219 1861 414 1909 aptorum
442 1858 663 1899 hominum
683 1860 851 1901 Novak.

278 1976 314 2019 7.
345 1981 433 2008 nee
453 1982 593 2021 nuno,
619 1970 722 2010 ‘and
749 1983 806 2011 no
835 1985 950 2011 more
970 1977 1082 2012 must
1101 1985 1184 2024 you

223 2021 346 2071 now‚'
369 2026 446 2064 διο.
508 2024 585 2076 Cp.
609 2026 720 2065 Ann.
751 2026 807 2066 xi.
839 2037 905 2077 30,
928 2026 953 2067 6
972 2040 1049 2068 nec
1076 2039 1186 2066 nune

222 2077 427 2118 adulteria
449 2079 707 2119 obiecturum
726 2081 798 2121 ait.

278 2133 314 2172 8.
346 2137 651 2183 perstringat,
701 2135 751 2174 of
799 2135 1036 2188 something
1093 2134 1186 2176 that

222 2192 359 2239 grates
379 2201 491 2240 upon
508 2189 579 2229 the
592 2202 673 2230 ear.
731 2189 1068 2242 Similarly‘Hor.
1085 2190 1183 2231 Car.

223 2242 264 2281 ii.
286 2253 319 2291 1,
347 2250 394 2293 17
424 2243 513 2282 Iam
541 2257 650 2284 nunc
678 2245 829 2286 minaci
859 2258 1065 2285 murmure
1093 2258 1182 2285 cor-

222 2309 350 2336 nuum
371 2298 615 2350 Perstringis
635 2312 766 2347 aures,
791 2306 801 2322 ⁶
816 2300 961 2340 deafen
976 2299 986 2316 ’
1003 2314 1012 2340 ε
1043 2300 1127 2339 and
1146 2300 1189 2340 in

223 2352 371 2391 Cicero
405 2351 486 2405 (sor
520 2359 565 2392 to
597 2353 767 2404 ‘chase,‘
805 2353 978 2407 ‘graze‚'
1008 2358 1019 2377 ‘
1037 2355 1190 2395 wound

225 2405 398 2459 slightly
415 2406 459 2458 ³),
480 2421 557 2459 pro
576 2407 680 2449 Sest.
714 2413 734 2457 ξ
762 2420 811 2461 14
840 2416 886 2450 ut
914 2423 985 2450 eos
1013 2423 1189 2462 quorum

224 2461 388 2501 sceleris
419 2462 553 2502 furore
580 2463 759 2504 violatus
779 2478 911 2505 essem
930 2465 1044 2505 vocis
1068 2465 1188 2504 liber-

225 2521 310 2556 tate
329 2517 663 2570 perstringerem.

281 2583 319 2623 9.
349 2574 469 2611 eitra
489 2576 713 2612 damnum
733 2576 961 2622 adfectus,
986 2576 998 2595 ‘
1012 2573 1189 2614 without

226 2637 308 2676 any
327 2625 412 2665 loss
433 2626 482 2664 of
495 2627 740 2678 good-will.'
797 2628 998 2680 Adfectus
1022 2628 1119 2668 here
1144 2647 1180 2660 =

226 2680 541 2733 good—feeling3
584 2695 650 2733 cp.
680 2683 788 2721 Ann.
820 2684 900 2721 xiv.
934 2693 998 2733 27,
1031 2694 1078 2721 12
1102 2683 1188 2722 sine

227 2734 459 2774 adfectibus
506 2737 657 2776 mutuis
704 2737 863 2787 (=sine
902 2750 1101 2777 consensu
1148 2743 1189 2776 et

227 2788 444 2840 caritate):
495 2790 597 2842 Agr.
632 2791 758 2831 xxxii.
795 2793 819 2831 8
850 2791 930 2831 fide
958 2797 999 2831 et
1029 2792 1190 2832 adfectu

226 2844 367 2883 teneri.
437 2844 604 2884 Similar
641 2846 838 2896 genitives
888 2846 998 2886 often
1046 2846 1190 2885 follow

226 2897 433 2937 damnum
471 2899 515 2938 in
551 2900 744 2941 Tacitus:
795 2902 902 2942 Ann.
935 2901 994 2941 iii.
1030 2902 1095 2953 58,
1140 2911 1185 2939 11

227 2952 343 2991 nullo
425 2967 635 2994 sacrorum
710 2956 877 2996 damno.
977 2955 1190 2995 Andresen

226 3007 344 3046 takes
360 3008 544 3060 adfectus
563 3022 609 3048 as
628 3023 680 3049 an
701 3011 970 3062 explanatory
982 3011 1187 3062 genitive:

228 3061 324 3101 ‘the
362 3062 661 3116 disadvantage
708 3065 903 3105 involved
950 3066 992 3104 in
1029 3064 1190 3105 excited

229 3115 502 3168 feeling.’—-F
506 3131 553 3157 or
573 3119 657 3159 this
686 3132 757 3159 use
792 3120 841 3159 of
864 3122 984 3160 citra
1006 3118 1186 3171 (=sine)

228 3183 293 3223 cp.
335 3174 399 3211 41.
435 3184 482 3224 25
511 3173 615 3213 citra
645 3174 1015 3215 obtrectationem:
1047 3175 1190 3226 Agric.

228 3239 347 3267 xxxv.
397 3226 421 3266 6
471 3228 574 3267 citra
622 3228 860 3269 Romanum
919 3230 1188 3282 sangninem:

230 3280 369 3320 Germ.
391 3283 474 3321 xvi.
497 3284 520 3322 8
553 3283 656 3323 citra
684 3285 868 3336 speciem
902 3290 974 3323 aut
1007 3284 1189 3324 delecta-

227 3335 398 3375 tionem.
456 3337 512 3376 So
543 3338 620 3378 Ov.
652 3338 780 3379 Trist.
811 3353 849 3379 v.
872 3340 911 3387 8,
942 3350 991 3389 23
1021 3338 1191 3391 peccavi

229 3390 329 3430 citra
358 3391 489 3431 scelus
513 3391 675 3443 (‘short
710 3393 794 3444 of’)
814 3408 823 3435 :
854 3394 961 3433 Plin.
984 3393 1062 3446 Ep.
1085 3394 1126 3433 ii.
1153 3404 1190 3443 1,

227 3456 255 3495 4
284 3445 389 3485 citra
418 3446 606 3486 dolorem
635 3454 799 3489 tamen:
838 3449 979 3488 Lucan
1008 3448 1062 3488 iv.
1086 3449 1191 3500 7283

228 3499 311 3538 and
356 3500 589 3553 frequently
627 3502 670 3541 in
711 3502 958 3554 Quintilian,
988 3517 1026 3543 x.
1066 3514 1102 3552 1,
1143 3514 1191 3552 25

231 3562 253 3604 7
278 3557 297 3601 §
322 3562 372 3604 73
401 3554 592 3605 xii·6‚4·

285 3610 390 3647 Chs.
441 3612 603 3649 28—35.
690 3610 838 3663 Speech
884 3611 935 3664 eff
972 3611 1186 3660 Affessalla,

228 3663 399 3714 tracing
412 3664 479 3703 the
498 3665 653 3704 decline
672 3667 723 3718 os
731 3667 941 3718 eloqueuce
968 3673 1007 3707 to
1038 3666 1100 3719 (1)
1122 3666 1190 3706 the

1269 1973 1346 2012 loss
1364 1971 1416 2024 of
1423 1972 1492 2011 the
1511 1972 1582 2012 old
1597 1977 1743 2024 system
1763 1971 1814 2023 of
1823 1971 1940 2012 home
1959 1971 2159 2023 training
2183 1971 2233 2011 in

1270 2027 1389 2079 early
1426 2027 1576 2079 youth,
1621 2027 1712 2066 and
1754 2026 1822 2067 the
1868 2026 2139 2065 substitution
2191 2025 2244 2078 of

1272 2082 1532 2121 mechanical
1566 2081 1733 2121 routine
1757 2082 1839 2133 sor
1868 2081 2045 2132 general
2068 2081 2234 2120 culture

1275 2137 1390 2188 (chs.
1407 2138 1605 2186 28-32);
1635 2136 1737 2185 and,
1766 2136 1880 2188 after
1903 2148 1931 2174 a
1958 2134 2074 2174 short
2101 2136 2234 2175 inter-

1270 2192 1456 2243 ruptim,
1491 2191 1553 2243 (2)
1575 2191 1642 2230 the
1661 2190 1911 2242 usurpation
1932 2190 1981 2240 by
2001 2190 2069 2229 the
2085 2190 2235 2229 schools

1270 2246 1321 2297 ‘ff
1353 2246 1530 2285 rhetoric
1569 2245 1621 2298 of
1652 2245 1719 2285 the
1754 2250 1860 2297 part
1895 2244 1989 2284 that
2027 2244 2118 2283 had
2138 2244 2234 2284 been

1265 2300 1424 2351 played
1457 2302 1506 2339 in
1521 2299 1693 2353 former
1716 2300 1818 2351 days
1851 2299 1900 2350 by
1927 2298 2240 2350 distinguished

1274 2354 1431 2394 leaders
1458 2354 1509 2407 aff
1528 2356 1595 2395 the
1624 2354 1712 2403 bar,
1743 2360 1784 2394 to
1817 2355 1952 2394 whom
1991 2352 2060 2393 the
2088 2365 2240 2406 young

1273 2410 1470 2461 aspirant
1496 2423 1583 2449 was
1611 2410 1660 2448 in
1688 2410 1756 2449 the
1783 2409 1902 2448 habit
1939 2408 1990 2461 of
2019 2408 2240 2460 attaching

1273 2463 1451 2517 himself
1461 2466 1574 2516 (che.
1597 2465 1779 2513 33-35).

1328 2521 1402 2559 28.
1436 2530 1470 2560 1.
1528 2522 1592 2559 Et
1619 2521 1856 2558 Messalla.
1915 2518 2001 2558 For
2020 2517 2090 2558 the
2109 2529 2235 2570 open·

1273 2573 1359 2624 ing,
1389 2586 1453 2625 cp.
1476 2573 1567 2614 Cic.
1589 2574 1640 2613 de
1659 2574 1729 2614 Or.
1758 2574 1817 2612 iii.
1838 2573 1891 2624 48
1921 2573 2032 2627 Tum
2061 2572 2235 2612 Crassus

1278 2631 1289 2648 ‘
1303 2627 1569 2680 pervulgatas
1595 2640 1659 2667 res
1684 2628 1856 2680 requiris
1871 2626 1881 2643 '
1908 2627 2042 2680 inquit
2061 2633 2071 2648 ‘
2088 2633 2128 2667 et
2156 2627 2234 2667 tibi

1272 2695 1355 2721 non
1386 2683 1632 2734 incognitas.
1690 2683 1795 2734 Quis
1822 2681 1959 2730 enirn,’
1989 2684 2095 2723 &c.:
2129 2682 2186 2722 ib.
2211 2692 2229 2720 1

1276 2740 1296 2784 ξ
1323 2746 1426 2789 137:
1458 2737 1509 2776 de
1529 2737 1632 2789 Rep.
1657 2748 1673 2775 1
1701 2741 1721 2784 ξ
1747 2745 1811 2788 70.

1332 2802 1366 2831 2.
1397 2795 1479 2831 aut
1496 2822 1505 2831 .
1530 2822 1538 2831 .
1562 2821 1571 2830 .
1593 2796 1675 2831 aut
1697 2822 1706 2832 .
1729 2821 1739 2830 .
1754 2820 1764 2830 .
1786 2794 1879 2832 vel.
1924 2791 1974 2830 In
1989 2791 2060 2831 the
2076 2789 2236 2830 similar

1275 2859 1452 2898 passage
1474 2847 1536 2887 15.
1555 2859 1593 2897 9,
1611 2847 1757 2894 above,
1772 2859 1834 2886 we
1849 2846 1953 2886 have
1971 2851 2051 2886 aut
2070 2875 2080 2885 .
2099 2875 2110 2886 .
2128 2875 2137 2884 .
2157 2850 2236 2885 aut

1279 2930 1311 2941 ..
1336 2906 1449 2941 .aut.
1507 2901 1599 2940 The
1632 2913 1702 2940 use
1738 2901 1787 2940 of
1810 2901 1880 2940 vel
1909 2900 2005 2940 here
2036 2905 2149 2940 must
2181 2900 2236 2940 be

1276 2955 1472 2996 intended
1492 2961 1536 2994 to
1553 2955 1733 2996 indicate
1753 2955 2066 2995 subordination
2083 2965 2094 2993 t
2124 2954 2234 2995 ‘nei-

1275 3011 1367 3050 ther
1404 3015 1450 3050 to
1488 3023 1584 3062 you,
1624 3023 1678 3049 on
1712 3009 1783 3050 the
1817 3023 1895 3049 one
1925 3010 2047 3058 hand,
2084 3022 2162 3050 nor
2189 3014 2234 3049 to

1275 3065 1407 3105 either
1429 3065 1477 3105 of
1501 3078 1576 3105 our
1604 3065 1770 3114 friends,
1793 3078 1845 3104 on
1877 3065 1948 3105 the
1977 3062 2119 3105 other.'
2176 3063 2234 3104 So

1274 3121 1383 3160 Ann.
1411 3120 1492 3160 xiv.
1514 3131 1552 3170 3,
1577 3132 1597 3159 2
1626 3121 1669 3159 in
1693 3120 1834 3159 hortos
1857 3126 1928 3160 aut
1951 3119 2235 3160 Tusculanum

1274 3175 1341 3215 vel
1370 3174 1585 3215 Antiatem
1614 3175 1657 3214 in
1685 3187 1857 3227 agrum:
1888 3175 1944 3214 ib.
1965 3187 2033 3227 49,
2068 3187 2119 3226 14
2151 3186 2235 3213 non

1274 3229 1372 3269 ideo
1393 3235 1463 3270 aut
1483 3230 1673 3270 consules
1687 3262 1696 3270 .
1720 3260 1730 3270 .
1751 3261 1761 3270 .
1778 3230 1963 3269 Thrasea
1976 3261 1986 3271 .
2004 3259 2014 3269 .
2033 3258 2044 3268 .
2059 3229 2234 3270 ceterive

1277 3285 1431 3334 (where
1469 3285 1654 3324 Thrasea
1688 3284 1765 3324 has
1801 3284 1961 3324 carried
1990 3283 2060 3324 the
2093 3288 2235 3324 senate

1275 3338 1378 3378 with
1398 3339 1486 3378 him
1509 3340 1671 3391 against
1690 3339 1760 3378 the
1780 3337 1958 3389 consul).

1333 3405 1370 3442 5.
1401 3396 1563 3440 inopia
1591 3396 1852 3433 hominum.
1909 3393 1950 3432 It
1983 3405 2116 3433 seems
2143 3391 2235 3432 best

1277 3452 1323 3487 to
1339 3448 1446 3500 keep
1462 3454 1507 3487 to
1523 3448 1593 3487 the
1609 3447 1777 3499 reading
1790 3447 1838 3487 of
1852 3447 1922 3487 the
1939 3446 2059 3488 MSS.
2079 3462 2088 3489 :
2119 3446 2234 3487 there

1277 3503 1312 3542 is
1342 3515 1397 3542 no
1429 3502 1524 3542 lack
1555 3502 1603 3542 of
1627 3502 1805 3542 suitable
1830 3515 2014 3554 persons,
2034 3503 2109 3542 but
2128 3501 2236 3541 their

1274 3556 1453 3596 abilities
1473 3569 1541 3596 are
1560 3562 1635 3597 not
1653 3557 1800 3597 turned
1817 3563 1861 3596 to
1875 3570 2024 3609 proper
2043 3561 2233 3597 account.

1274 3611 1332 3652 So
1355 3611 1521 3664 ‘inopia
1541 3609 1865 3661 advocatorum,'
1886 3613 1994 3651 Ann.
2010 3612 2063 3651 xi.
2080 3619 2115 3663 7,
2140 3622 2234 3661 3.—

1274 3666 1488 3707 Andresen
1533 3666 1652 3707 takes
1699 3666 1891 3719 ‘inopia’
1942 3666 1991 3706 of
2032 3671 2144 3707 want
2191 3663 2241 3704 of
