2424 4166
631 238 1026 292 DIALOGUS
1059 239 1171 288 DE
1210 235 1716 287 ORATORIBUS.
2108 239 2176 298 59

186 383 359 438 Decio
392 383 641 437 Samnite
679 388 771 434 aut
811 382 966 433 Bruti
1004 399 1102 449 pro
1136 380 1402 432 Deiotaro
1429 394 1556 445 rege
1583 384 1903 443 ceterosque
1930 373 2176 426 eiusdem
2206 393 2256 433 ²5

184 477 521 530 lentitudinis
559 493 622 527 ac
660 476 866 543 teporis
905 474 1071 527 libros
1102 474 1249 541 legit,
1278 473 1379 524 nisi
1405 472 1499 539 qui
1527 478 1583 523 et
1610 469 1851 522 carmina
1876 467 2177 520 eorundem

183 571 425 622 miratur.
489 568 755 621 Fecerunt
776 569 918 619 enim
945 576 999 619 et
1026 567 1269 618 carmina
1296 573 1350 617 et
1377 562 1431 616 in
1457 562 1818 616 bibliothecas
1835 560 2178 619 rettulerunt,

183 679 292 714 non
320 662 515 714 melius
541 678 706 728 quam
739 661 946 725 Cicero,
973 661 1070 711 sed
1110 658 1333 721 felicius,
1360 659 1489 726 quia
1526 658 1648 709 illos
1679 656 1870 709 fecisse
1895 654 2178 722 pauciores

183 756 375 808 sciunt.
431 754 661 806 Asinius
682 770 917 822 quoque,
934 770 1270 820 quamquam
1289 750 1634 819 propioribus
1653 749 1995 816 temporibus
2018 754 2177 799 natus

181 849 270 911 sit,
295 848 510 900 videtur
537 847 669 898 mihi
702 848 845 899 inter
872 847 1161 898 Menenios
1188 852 1243 896 et
1269 845 1488 912 Appios
1513 844 1803 895 studuisse.
1881 840 2176 893 Pacuvium
2204 854 2259 894 30

182 946 330 992 certe
355 947 411 991 et
437 931 670 991 Accium
697 956 807 990 non
839 938 1017 990 solum
1054 937 1354 1005 tragoediis
1381 936 1477 987 sed
1504 936 1670 987 etiam
1698 934 2037 987 orationibus
2069 932 2178 984 suis

181 1031 486 1101 expressit:
526 1033 666 1083 adeo
693 1033 858 1083 durus
893 1040 949 1083 et
987 1031 1161 1082 siccus
1189 1038 1286 1082 est.
1365 1029 1560 1082 Oratio
1586 1036 1787 1089 autem,
1816 1028 1954 1079 sicut
1982 1042 2179 1092 corpus

180 1124 431 1185 hominis,
455 1142 519 1176 ea
536 1125 760 1197 demum
777 1124 1006 1192 pulchra
1033 1132 1116 1176 est
1137 1125 1190 1175 in
1212 1140 1322 1190 qua
1342 1140 1451 1174 non
1475 1122 1715 1173 eminent
1733 1137 1907 1172 venae
1926 1136 2025 1170 nec
2053 1136 2179 1170 ossa

181 1200 674 1283 numerantunsed
702 1226 1040 1286 temperatus
1065 1235 1129 1269 ac
1167 1218 1345 1268 bonus
1371 1216 1593 1283 sanguis
1627 1214 1819 1283 implet
1848 1212 2094 1264 membra
2121 1218 2179 1263 et

238 1331 301 1371 26.
330 1331 479 1383 teporis·
503 1331 681 1383 Lipsius,
700 1330 894 1383 temporis
915 1331 1004 1384 (per
1032 1328 1298 1383 compendia)
1328 1329 1450 1369 codd.

979 1387 1041 1426 28.
1071 1385 1176 1438 quia
1194 1384 1516 1434 EV2CADHb:
1547 1383 1626 1436 qui
1643 1383 1733 1423 AB.
1790 1382 1883 1422 illos
1901 1387 2011 1421 most
2031 1381 2149 1420 codd.
2167 1394 2176 1420 :

552 1452 615 1491 31.
648 1441 696 1480 in
715 1440 936 1492 tragoediis
954 1441 1099 1488 Ritter,
1123 1439 1268 1479 Halm.

180 1387 414 1439 bybliotecas
433 1387 466 1425 B
490 1385 595 1439 (also
615 1392 658 1425 at
678 1386 742 1428 37.
763 1387 822 1435 6).

180 1442 278 1500 istos
295 1441 383 1480 AB.

179 1527 298 1568 After
316 1528 405 1567 nisi
407 1527 525 1580 fhrte
542 1529 764 1582 quisquam
783 1529 978 1582 (=nemo
992 1528 1135 1580 enim),

180 1583 272 1622 nisi
294 1583 373 1635 qui
398 1583 560 1622 follows
583 1584 624 1623 in
653 1585 723 1624 the
751 1591 846 1625 next
871 1585 1008 1624 clause
1036 1585 1093 1636 by
1112 1597 1137 1623 a

179 1637 422 1690 negligence
454 1638 517 1676 for
544 1638 680 1677 which
710 1652 774 1691 cp.
805 1640 913 1678 Ann.
942 1640 1000 1678 iii.
1023 1646 1087 1690 57,
1113 1650 1133 1676 2

181 1691 290 1743 (nisi
316 1696 366 1730 ut
386 1723 394 1731 .
417 1721 427 1730 .
450 1722 460 1732 .
481 1692 571 1731 nisi
596 1692 741 1744 quod).
798 1694 838 1732 A
866 1694 1034 1742 similar,
1062 1694 1136 1733 but

179 1758 294 1786 more
321 1746 493 1795 natural,
517 1747 795 1788 construction
825 1761 968 1788 occurs
992 1748 1056 1791 37.
1085 1758 1133 1787 22

179 1813 256 1840 nec
274 1801 491 1853 quisquam
512 1831 521 1840 .
544 1831 554 1840 .
575 1830 583 1839 .
605 1809 740 1852 potest
758 1803 837 1841 nisi
857 1803 926 1855 qui
949 1833 957 1842 .
980 1832 989 1841 .
1013 1834 1022 1842 .

233 1867 319 1901 pro
346 1857 492 1895 Decio
521 1858 745 1896 Samnite.
803 1857 894 1897 The
923 1857 1072 1908 speech
1101 1857 1135 1895 is

178 1915 253 1949 not
271 1909 434 1957 known,
453 1910 536 1949 and
548 1910 618 1950 the
638 1910 856 1951 difference
870 1912 910 1951 in
928 1912 998 1951 the
1017 1924 1137 1950 name

182 1963 355 2013 (Decius
387 1963 606 2014 Samnites)
638 1964 774 2005 shows
805 1966 895 2006 that
923 1967 956 2006 it
985 1971 1136 2006 cannot

179 2017 283 2058 have
304 2019 406 2058 been
426 2019 645 2067 delivered,
665 2032 710 2058 as
737 2033 849 2059 some
873 2020 1024 2060 editors
1044 2033 1137 2072 sup-

179 2085 293 2125 pose,
302 2086 356 2112 on
369 2073 514 2113 behalf
521 2074 569 2112 of
578 2073 647 2112 the
661 2074 889 2114 individual
902 2075 1136 2115 mentioned

179 2129 222 2166 in
252 2127 340 2167 Cic.
369 2141 445 2179 pro
474 2127 636 2167 Cluent.
670 2130 690 2175 5
718 2128 786 2168 161
819 2129 916 2182 (Cn.
938 2129 1136 2169 Decidius

180 2180 376 2234 Samnis).
456 2228 460 2231 ,

237 2247 301 2287 25.
329 2249 412 2283 pro
443 2239 678 2276 Deiotaro.
737 2237 813 2278 See
843 2237 930 2278 Cic.
962 2238 1016 2277 ad
1045 2239 1132 2279 Att.

181 2289 261 2329 xiv.
286 2302 322 2339 1,
345 2302 391 2330 2:
433 2291 546 2330 Brut.
570 2295 590 2337 ξ
616 2302 678 2330 21.
737 2292 828 2340 The
860 2293 1020 2332 oration
1050 2305 1135 2332 was

181 2344 385 2384 delivered
405 2345 461 2397 by
480 2346 626 2385 Brutus
654 2346 696 2385 in
716 2345 901 2386 Caesar's
930 2360 1132 2398 presence,

181 2405 224 2439 at
257 2399 427 2449 Nicaea,
455 2400 496 2438 in
530 2408 568 2438 B.
586 2410 626 2439 C.
655 2399 722 2451 46.
780 2401 829 2440 It·
850 2401 974 2441 failed
1009 2402 1057 2440 of
1082 2402 1135 2441 its

181 2452 328 2504 obJect,
358 2454 422 2493 for
451 2454 675 2494 Deiotarus
707 2455 790 2495 lost
820 2456 921 2495 both
949 2455 1014 2495 his
1043 2456 1134 2495 title

181 2508 261 2547 and
276 2513 384 2548 most
397 2507 444 2548 of
458 2508 524 2548 his
542 2509 771 2561 tetrarchy:
804 2510 908 2550 Bell.
927 2510 1048 2550 Alex.
1065 2511 1132 2551 68.

235 2565 445 2602 eiusdem
489 2566 801 2613 lentitudinis,
843 2567 934 2611 &c.‚
976 2567 986 2585 ‘
1004 2578 1134 2605 corre—

149 2649 152 2653 .
181 2616 432 2669 spondingly
451 2617 612 2657 tedious
635 2619 716 2657 and
746 2618 818 2658 flat
841 2619 1133 2672 productions.'

182 2671 268 2710 For
284 2672 551 2711 lentitudinis
570 2685 632 2724 cp.
647 2673 778 2712 lentus
791 2679 851 2713 est
867 2675 908 2713 in
925 2674 1136 2726 principiis

181 2727 246 2765 22.
270 2736 315 2764 11
333 2739 343 2766 ε
372 2726 459 2766 Cic.
478 2727 588 2766 Brut.
605 2731 624 2775 ξ
644 2729 732 2778 178.
790 2733 939 2778 tepor,
958 2729 1006 2768 of
1016 2729 1134 2781 style,

181 2791 323 2820 occurs
342 2780 440 2832 only
458 2781 566 2821 here.

239 2842 302 2886 27.
331 2837 655 2876 bibliothecas.
705 2836 796 2876 The
811 2836 1012 2878 reference
1028 2843 1137 2878 must

182 2888 233 2928 be
259 2894 303 2927 to
327 2888 483 2940 private
511 2889 711 2938 libraries‚
731 2891 864 2931 where
893 2892 962 2931 the
992 2904 1137 2944 poems

182 2941 225 2982 in
244 2943 429 2995 question
449 2943 587 2982 would
619 2944 703 2983 find
726 2958 751 2984 a
778 2946 897 2997 place
926 2946 1063 2998 owing
1091 2952 1136 2986 to

183 2995 254 3035 the
282 2998 515 3048 reputation
539 2997 587 3036 of
605 2998 710 3037 their
735 2999 931 3040 authors:
960 3000 1029 3040 the
1049 3000 1138 3040 first

182 3050 326 3102 public
362 3050 516 3101 library
544 3063 628 3091 was
664 3052 844 3092 founded
878 3054 934 3104 by
968 3054 1136 3093 Asinius

183 3103 336 3152 Pollio,
370 3113 407 3142 Β.
421 3114 459 3143 c.
493 3104 804 3157 38.—Nothing
836 3106 872 3146 is
907 3108 1059 3147 known
1093 3107 1141 3146 of

183 3170 264 3208 any
311 3158 490 3208 poetical
537 3160 835 3210 compositions
881 3161 937 3212 by
975 3162 1133 3201 Brutus.

184 3210 351 3250 Certain
381 3213 571 3251 carmina
605 3226 672 3252 are
702 3215 935 3255 mentioned
965 3216 1006 3254 in
1037 3228 1134 3255 con-

183 3265 344 3305 nection
363 3265 463 3305 with
493 3265 679 3306 Caesar’s
706 3281 827 3308 name
849 3269 976 3321 (Plin.
996 3270 1050 3309 N.
1074 3270 1132 3310 H.

183 3319 265 3360 xix.
288 3321 324 3368 8,
350 3321 458 3372 144),
473 3321 547 3360 but
566 3334 628 3361 we
647 3335 714 3361 are
733 3322 824 3362 told
843 3324 899 3374 by
917 3323 1134 3363 Suetonius

186 3373 287 3424 (Jul.
322 3373 411 3424 lvi.)
450 3374 540 3414 that
576 3376 787 3428 Augustus
825 3377 992 3419 forbade
1029 3379 1135 3418 their

185 3426 422 3468 circulation
436 3428 477 3467 in
493 3442 516 3468 a
532 3429 651 3469 letter
663 3437 707 3470 to
722 3431 786 3471 his
801 3431 913 3471 chief
925 3432 1131 3480 librarian,

184 3481 405 3533 Pompeius
420 3482 572 3523 Macer.
604 3483 783 3524 Cicero’s
794 3487 974 3538 poetical
994 3486 1132 3527 efforts

183 3548 254 3575 are
290 3536 422 3576 better
450 3537 629 3578 known:
673 3539 814 3590 Quint.
846 3540 898 3580 xi.
931 3552 966 3592 1,
1002 3553 1053 3592 24
1083 3541 1132 3581 In

183 3589 432 3630 carminibus
454 3592 610 3631 utinam
639 3594 897 3646 pepercisset,
918 3608 1022 3649 quae
1050 3608 1132 3635 non

182 3643 384 3686 desierunt
406 3657 569 3698 carpere
594 3647 790 3700 maligni:
822 3651 833 3671 ‘
852 3649 998 3690 cedant
1017 3662 1133 3699 arma

1675 1336 1738 1377 27.
1767 1327 2023 1367 bibliothecas
2042 1325 2178 1374 ADC,

1222 1533 1361 1581 togae,
1378 1527 1577 1568 concedat
1591 1526 1730 1567 laurea
1747 1523 1943 1577 linguae,’
1964 1530 2004 1564 et
2024 1526 2035 1546 ‘
2052 1537 2077 1563 0
2097 1524 2178 1563 for·

1220 1588 1408 1622 tunatam
1427 1588 1568 1621 natam
1587 1594 1654 1621 me
1675 1581 1841 1621 consule
1862 1581 2042 1619 Romam
2060 1582 2067 1619 1
2084 1576 2095 1595 '

1279 1650 1343 1689 29.
1372 1640 1583 1676 Asinius.
1641 1635 1717 1676 See
1758 1636 1822 1675 12.
1862 1634 1917 1674 ad
1955 1633 2021 1673 fin.
2094 1633 2178 1672 For

1221 1690 1396 1731 Pollio’s
1433 1696 1592 1743 poetry,
1627 1704 1692 1742 cp.
1725 1690 1849 1741 Verg.
1882 1689 1972 1728 Ecl.
2005 1688 2090 1728 viii.
2129 1698 2178 1727 10

1220 1746 1318 1786 Sola
1357 1745 1592 1798 Sophocleo
1624 1751 1695 1784 tua
1728 1744 1909 1784 carmina
1946 1743 2072 1795 digna
2111 1755 2178 1781 eo-

1218 1802 1396 1841 thurno:
1425 1801 1482 1840 iii.
1505 1799 1555 1839 86
1581 1799 1719 1839 Pollio
1751 1804 1792 1838 et
1821 1799 1909 1851 ipse
1941 1798 2041 1838 facit
2068 1809 2177 1837 nova

1223 1856 1432 1896 carmina:
1467 1855 1572 1894 Hor.
1594 1854 1678 1894 Sat.
1698 1854 1727 1894 i.
1752 1865 1814 1903 10,
1837 1864 1902 1904 42.

1280 1922 1343 1960 30.
1373 1912 1619 1949 Menenios
1644 1939 1653 1948 .
1675 1939 1685 1949 .
1707 1938 1717 1948 .
1736 1910 1931 1955 Appios.
1999 1907 2090 1946 The
2118 1919 2179 1947 re-

1221 1964 1379 2005 ference
1412 1965 1447 2003 is
1477 1971 1521 2004 to
1554 1963 1768 2003 Menenius
1802 1963 1993 2015 Agrippa
2023 1961 2109 2014 (17.
2134 1963 2175 2011 2)

1222 2020 1304 2058 and
1323 2025 1378 2058 to
1388 2020 1553 2071 Appius
1573 2018 1773 2058 Claudius
1793 2017 1951 2057 Caecus
1974 2018 2057 2067 (18.
2082 2017 2162 2066 18).

1277 2077 1529 2121 studuisse,
1560 2073 1762 2118 absolute,
1791 2084 1836 2110 as
1864 2077 1907 2110 at
1936 2073 2001 2111 32.
2028 2073 2064 2120 8,
2095 2071 2179 2110 and

1222 2130 1287 2168 34.
1309 2139 1382 2168 10:
1413 2128 1495 2167 and
1515 2126 1740 2178 frequently
1753 2127 1795 2165 in
1816 2125 2057 2177 Quintilian.
2098 2127 2177 2177 Cp.

1219 2183 1508 2231 studiosorum,
1531 2181 1676 2222 above.

1278 2248 1341 2287 32.
1371 2239 1630 2282 expressit:
1679 2248 1746 2276 see
1783 2249 1836 2275 on
1870 2236 1936 2275 20.
1973 2245 2034 2273 11.
2094 2234 2179 2273 For

1222 2292 1291 2331 the
1307 2291 1524 2343 judgment
1543 2291 1638 2330 here
1658 2290 1876 2343 expressed
1896 2303 1959 2341 cp.
1977 2288 2116 2339 Quint.
2137 2302 2174 2327 x.

1226 2357 1259 2394 1,
1282 2357 1357 2396 113
1379 2346 1547 2385 anitore
1559 2351 1599 2385 et
1618 2345 1869 2385 iucunditate
1890 2343 2100 2384 Ciceronis
2120 2343 2178 2382 ita

1221 2400 1348 2452 longe
1367 2401 1482 2439 abest
1501 2406 1546 2440 ut
1565 2399 1694 2439 videri
1714 2399 1845 2451 possit
1865 2397 2031 2438 saeculo
2050 2398 2175 2450 prior.

1275 2458 1422 2494 durus
1466 2459 1514 2494 et
1561 2457 1728 2502 siccus,
1768 2454 1895 2492 ‘hard
1947 2453 2027 2491 and
2075 2450 2177 2503 dry.’

1220 2510 1374 2549 Durus
1400 2510 1435 2548 is
1468 2510 1537 2548 the
1570 2514 1655 2549 sort
1684 2508 1732 2547 of
1755 2508 1911 2560 epithet
1937 2508 2019 2559 (cp.
2041 2505 2175 2558 asper)

1219 2564 1310 2604 that
1335 2563 1470 2615 might
1490 2564 1542 2603 be
1562 2563 1733 2616 applied
1759 2568 1804 2602 to
1824 2577 1849 2602 a
1867 2575 1962 2601 man
1982 2562 2077 2600 who
2102 2561 2177 2600 has

1219 2631 1274 2658 no
1324 2624 1462 2658 ‘sense
1506 2618 1554 2658 of
1595 2616 1727 2669 style.‘
1794 2617 1934 2657 Siccus
1963 2635 1998 2648 =
2026 2615 2176 2663 aridus,

1220 2673 1393 2722 ieiunus,
1413 2673 1543 2722 exilis,
1568 2675 1579 2695 ‘
1595 2672 1774 2712 wizened
1792 2673 1800 2687 ’
1819 2686 1828 2712 ε
1860 2684 1925 2724 cp.
1954 2671 2039 2711 Cic.
2066 2671 2176 2710 Brut.

1225 2732 1245 2776 ξ
1290 2729 1367 2778 285
1406 2728 1660 2767 ieiunitatem
1698 2732 1739 2767 et
1777 2727 2004 2766 siccitatem
2042 2730 2083 2764 et
2117 2725 2178 2763 in-

1222 2783 1375 2835 opiam.
1432 2782 1481 2821 In
1503 2782 1615 2824 Brut.
1641 2784 1661 2829 §
1687 2793 1761 2820 202
1791 2781 1920 2820 siccus
1946 2781 1981 2819 is
2007 2779 2107 2819 used
2136 2779 2178 2818 in

1221 2851 1246 2877 a
1284 2837 1397 2889 good
1446 2849 1561 2875 sense
1606 2835 1791 2886 (‘solid,’
1829 2832 2022 2885 ‘wiry'=
2043 2839 2178 2886 aptus,

1222 2892 1404 2943 pressus)
1427 2891 1533 2930 nihil
1565 2891 1644 2930 nisi
1674 2891 1829 2930 siccum
1857 2896 1980 2941 atque
2008 2901 2177 2928 sanum:

1222 2958 1286 2997 cp.
1308 2946 1359 2984 de
1377 2945 1536 2985 Senect.
1559 2949 1579 2992 ξ
1604 2957 1678 2996 34:
1709 2945 1851 2996 Quint.
1871 2944 1913 2983 ii.
1935 2956 1974 2994 4,
1998 2942 2037 2983 6.

1278 3010 1342 3049 33.
1372 3011 1492 3047 ossa,
1512 3011 1557 3038 as
1578 3000 1619 3038 in
1640 3000 1724 3038 line
1744 3012 1785 3050 4,
1805 3000 1948 3038 above.
2006 2998 2090 3037 For
2108 2997 2178 3037 the

1221 3052 1363 3104 figure,
1390 3066 1453 3105 cp.
1477 3053 1615 3104 Quint.
1637 3067 1674 3093 v.
1699 3064 1764 3101 12,
1785 3053 1811 3093 6
1844 3053 1939 3104 plus
1966 3051 2178 3091 habebunt

1222 3107 1382 3146 decoris
1410 3114 1484 3156 (sc.
1505 3111 1767 3158 argumenta)
1797 3106 1833 3146 si
1862 3118 1945 3145 non
1972 3105 2107 3145 nudos
2136 3112 2178 3145 et

1219 3161 1333 3201 velut
1351 3173 1472 3200 carne
1491 3161 1695 3213 spoliatos
1713 3167 1824 3201 artus
1843 3160 2105 3200 ostenderint.

1278 3226 1343 3308 341.
1362 3220 1676 3286 ,temperatum
1717 3215 1895 3260 ‘sound‚'
1936 3213 2177 3254 ‘well-tem·

1249 3282 1313 3309 ere
1349 3301 1357 3309 .

1218 3282 1246 3322 p
1274 3327 1478 3371 sanguis.
1538 3324 1677 3376 Quint.
1702 3338 1739 3364 x.
1767 3334 1803 3373 1,
1827 3327 1846 3371 ξ
1868 3323 1923 3363 60
1943 3322 2013 3375 (of
2030 3322 2177 3362 Archi-

1218 3377 1383 3428 lochus)
1418 3378 1642 3431 plurimum
1680 3378 1888 3430 sanguinis
1926 3384 2047 3429 atque
2085 3390 2175 3416 ner-

1217 3445 1386 3472 vorum:
1412 3434 1468 3472 ib.
1485 3437 1504 3481 5
1524 3444 1598 3483 115
1618 3446 1627 3473 ε
1650 3446 1686 3481 2,
1705 3439 1723 3480 §
1744 3444 1790 3471 12
1812 3433 1948 3471 minus
1967 3430 2177 3483 sanguinis

1217 3499 1266 3526 ac
1296 3487 1476 3526 virium:
1523 3488 1611 3527 Cic.
1649 3487 1720 3526 Or.
1754 3490 1775 3535 ς
1811 3485 1863 3538 76
1895 3499 1978 3525 non
2007 3486 2177 3555 plurimi

1217 3542 1426 3592 sanguinis
1462 3547 1536 3590 est,
1579 3544 1678 3581 ‘not
1715 3539 2007 3581 full-blooded.
2093 3540 2177 3579 For

1216 3602 1389 3647 cognate
1417 3596 1653 3648 metaphors
1687 3608 1752 3636 see
1780 3596 1822 3636 N
1825 3594 2062 3648 agelsbach,
2083 3593 2175 3646 136,

1213 3661 1253 3701 4,
1278 3663 1348 3703 pp·
1370 3649 1518 3702 556-8·
