2424 4166
674 254 1068 306 DJALOGUS
1103 254 1216 302 DE
1252 254 1756 305 ORATORJBUS.
2114 269 2214 322 113

220 400 369 470 queri
390 376 556 468 quam
581 396 859 450 vindicari.
937 394 1104 463 Quod
1132 396 1178 447 si
1206 395 1537 447 inveniretur
1570 394 1754 463 aliqua
1780 394 1972 446 civitas
2013 395 2067 446 in
2105 412 2215 462 qua

220 510 384 547 nemo
422 498 687 560 peccaret,
726 506 1093 557 supervacuus
1133 495 1279 541 esset
1319 489 1461 539 inter
1492 487 1811 539 innocentes
1852 495 2036 540 orator
2075 488 2215 539 sicut

219 588 360 639 inter
374 602 536 638 sanos
565 582 823 635 medicus.
879 581 1007 649 Quo
1035 582 1201 633 modo
1222 588 1410 632 tamen
1432 580 1716 631 minimum
1744 597 1873 632 usus
1901 581 2212 631 minimum-

219 695 326 745 que
352 677 628 746 profectus
662 693 750 728 ars
786 675 1054 727 medentis
1088 675 1256 726 habet
1282 674 1336 724 in
1363 674 1426 725 iis
1453 673 1708 740 gentibus
1734 690 1873 739 quae
1901 673 2215 725 firmissima

216 771 525 824 valetudine
550 787 614 821 ac
640 767 1011 821 saluberrimis
1037 767 1358 834 corporibus
1377 773 1621 829 utuntur,
1642 766 1718 817 sic
1741 766 1921 818 minor
1937 775 2214 818 oratorum

216 863 391 917 honor
415 862 804 929 obscuriorque
829 861 1007 929 gloria
1034 869 1116 913 est
1144 860 1282 912 inter
1307 859 1484 911 bonos
1512 876 1691 911 mores
1717 867 1773 912 et
1806 860 1861 911 in
1887 859 2214 926 obsequium

217 957 456 1025 regentis
486 962 724 1023 paratos.
778 953 929 1022 Quid
956 955 1102 1006 enim
1128 971 1267 1022 opus
1295 960 1377 1004 est
1404 952 1583 1021 longis
1611 952 1665 1004 in
1692 961 1886 1005 senatu
1915 953 2216 1015 sententiiS,

217 1067 341 1102 cum
369 1050 562 1117 optimi
590 1049 701 1101 cito
732 1048 1112 1101 consentiant?
1188 1047 1337 1115 Quid
1373 1047 1557 1099 multis
1595 1047 1744 1115 apud
1779 1046 2048 1114 populum
2089 1064 2216 1099 con-

216 1144 471 1207 tionibus,
497 1160 623 1195 cum
662 1143 733 1194 de
760 1159 816 1195 re
846 1142 1069 1210 publica
1094 1159 1203 1194 non
1235 1140 1472 1208 imperiti
1504 1147 1559 1191 et
1587 1140 1746 1193 multi
1774 1139 2091 1205 deliberent,
2118 1141 2213 1192 sed

218 1236 647 1306 sapientissimus
685 1243 740 1287 et
785 1240 965 1287 unus?
1040 1235 1191 1303 Quid
1231 1233 1555 1286 voluntariis
1593 1234 2050 1295 accusationibUS,
2090 1251 2216 1285 cum

216 1337 332 1381 tam
350 1346 472 1382 raro
498 1336 554 1381 et
578 1336 694 1380 tam
714 1346 877 1397 parce
903 1333 1195 1397 peccetur?
1249 1327 1398 1395 Quid
1428 1326 1708 1378 invidiosis
1735 1333 1792 1378 et
1818 1327 2216 1379 excedentibus

218 1407 445 1474 modhm
506 1420 929 1484 defensionibus,
991 1437 1114 1473 curn
1178 1418 1469 1472 clementia
1544 1420 1921 1488 cognoscentis
1994 1420 2216 1472 obviam

271 1545 308 1585 9.
339 1539 476 1573 tamen
505 1533 782 1585 EV2CADH,
813 1533 909 1572 inde
939 1533 1026 1581 AB,
1056 1538 1195 1572 autem
1215 1531 1444 1580 Michaelis,
1467 1532 1631 1581 Novak,
1662 1532 1777 1571 enim
1809 1532 2047 1579 Heumann,
2070 1533 2218 1581 Halm,

216 1588 383 1627 Miiller.
551 1600 614 1629 12.
643 1589 774 1627 lzonor
787 1587 931 1635 Orelli,
953 1588 1103 1627 horum
1127 1587 1262 1634 codd.‚
1286 1600 1366 1625 om.
1398 1587 1449 1625 A.
1505 1586 1790 1638 obscuriorque
1810 1587 1991 1636 ABDH,
2012 1587 2223 1627 obscurior

217 1642 398 1691 EV2CA.
567 1653 628 1694 14.
655 1642 804 1694 optimi
831 1642 1066 1690 Rhenanus,
1085 1641 1240 1693 optima
1261 1641 1382 1681 codd.

217 1720 380 1773 charge,
401 1720 575 1761 because
594 1720 708 1760 there
736 1733 804 1760 are
828 1733 883 1759 no
909 1720 1090 1772 grounds
1110 1720 1173 1759 sor
1318 1730 1379 1759 12.
1407 1722 1559 1760 honor
1589 1749 1599 1759 .
1625 1750 1634 1760 .
1661 1748 1672 1759 .
1703 1722 1866 1766 gloria.
1935 1720 2013 1773 Cp.
2053 1723 2117 1760 12.
2157 1733 2217 1771 14,

216 1789 242 1815 a
270 1774 433 1827 charge.
502 1776 587 1814 For
613 1775 683 1814 the
715 1774 895 1827 thought
928 1788 991 1827 cp.
1026 1776 1090 1818 37.
1124 1775 1173 1813 18
1257 1774 1339 1814 and
1362 1772 1655 1827 (figuratively)
1680 1773 1818 1814 Germ.
1843 1788 1878 1813 v.
1902 1785 1924 1825 5
1950 1788 2001 1815 ne
2024 1776 2219 1816 armentis

216 1842 321 1883 quae
345 1829 456 1869 mala
484 1829 588 1869 sicut
607 1842 690 1869 non
710 1830 893 1870 accidere
919 1829 1065 1869 melius
1089 1835 1171 1870 est:

216 1884 411 1925 luv.'viii.
440 1896 494 1935 94
519 1883 607 1924 Sed·
630 1884 729 1936 quid
757 1883 971 1924 damnatio
1000 1883 1170 1932 confert,

217 1940 294 1979 διο.
354 1938 471 1978 With
497 1939 658 1986 melius,
679 1939 861 1990 longum,
881 1951 1072 1991 aequum,
1095 1941 1169 1978 διο.

216 1993 287 2033 the
312 1992 532 2033 indicative
556 1993 591 2032 is
618 2006 733 2032 more
761 2006 979 2033 common:
1010 1993 1099 2033 Cic.
1123 1992 1174 2032 de

1258 1829 1424 1880 quidem
1446 1841 1542 1868 suus
1561 1828 1695 1868 honor
1714 1834 1785 1868 aut
1805 1828 1938 1880 gloria
1957 1829 2112 1870 frontis.
2164 1829 2220 1870 So

1258 1884 1352 1923 laus
1371 1883 1586 1936 andfama
1606 1896 1674 1923 are
1691 1883 1922 1935 conjoined‚
1937 1884 1974 1927 7.
1993 1896 2038 1924 11
2057 1899 2066 1926 ε
2094 1884 2217 1933 fama,

1258 1937 1406 1989 gloria,
1432 1937 1533 1986 laus,
1564 1939 1626 1978 18.
1659 1949 1679 1976 2
1697 1951 1706 1979 ε
1749 1938 1851 1984 laus,
1880 1939 2016 1991 gloria
2050 1941 2114 1980 26.
2153 1951 2215 1987 10,

1259 1991 1341 2032 and
1361 1992 1442 2032 line
1465 2005 1511 2032 22
1533 1992 1685 2032 below.

216 2047 274 2088 N.
287 2049 342 2088 D.
357 2048 415 2088 iii.
432 2059 455 2098 3
460 2060 483 2098 3
496 2047 705 2100 prohiberi
718 2047 861 2086 melius
875 2047 951 2087 fuit
966 2047 1173 2100 impediri-

218 2115 296 2154 que
314 2115 366 2141 ne
383 2133 392 2142 .
415 2132 425 2142 .
449 2132 459 2142 .
479 2114 604 2154 quam
624 2101 759 2153 ipsum
778 2101 1001 2154 aliquando
1021 2115 1175 2154 poenas

218 2156 317 2196 dare
357 2155 510 2208 (Roby,
552 2158 699 2207 1535):
747 2155 799 2195 de
838 2156 918 2196 Off.
962 2155 1018 2195 iii.
1061 2160 1081 2204 ξ
1122 2168 1176 2208 94

218 2216 371 2263 quanto
400 2211 548 2249 melius
578 2211 706 2250 suerat
738 2210 783 2249 in
814 2210 895 2250 hoc
926 2212 1175 2263 promissum

218 2265 346 2317 patris
364 2278 446 2304 non
465 2277 555 2304 esse
575 2271 788 2304 servatum.
848 2264 904 2304 So
941 2269 1176 2318 oportuerat

217 2332 295 2372 pro
328 2319 437 2358 Mur.
476 2323 495 2367 ξ
535 2330 598 2370 25.
656 2319 736 2371 Cp.
766 2319 957 2359 however
990 2320 1041 2359 de
1079 2319 1173 2359 Sen.

222 2378 243 2422 §
266 2374 314 2413 82
337 2373 486 2414 Nonne
510 2373 657 2413 melius
682 2373 813 2414 multo
834 2373 978 2414 fuisset
996 2374 1175 2414 otiosam

218 2433 259 2468 et
279 2427 459 2481 quietam
479 2433 659 2468 aetatem
681 2458 690 2467 .
711 2458 720 2466 .
743 2458 753 2467 .
773 2428 1010 2469 traducere?

275 2490 311 2534 7.
344 2485 483 2528 Quod
503 2486 543 2522 si
563 2485 871 2530 inveniretur,
895 2485 972 2523 &c.
1005 2484 1089 2523 For
1103 2483 1175 2523 the

219 2535 410 2589 thought,
440 2537 592 2577 Novak
630 2550 842 2589 compares
870 2537 1012 2588 Quint.
1054 2538 1173 2579 Deel.

217 2605 257 2644 p.
275 2603 340 2644 95,
362 2603 406 2630 21
426 2591 480 2631 Et
499 2605 595 2632 sane
614 2592 649 2631 si
669 2591 824 2632 iustitia
839 2593 975 2632 valeat
995 2593 1094 2645 quid
1114 2600 1174 2633 est

218 2645 482 2699 eloquentia?
510 2646 612 2700 quid
643 2659 742 2698 ergo
771 2646 930 2686 civitati
961 2647 1173 2687 conferunt

221 2699 439 2752 (oratores)
454 2701 472 2739 ⁴?

272 2767 311 2808 9.
341 2758 446 2801 Quo
479 2758 618 2795 modo
647 2786 657 2796 .
680 2786 689 2796 .
711 2786 722 2795 .

219 2811 283 2851 36.
305 2821 356 2860 33
370 2823 380 2858 ;
410 2811 475 2850 39.
500 2810 537 2850 6.

269 2868 438 2904 tamen.
495 2863 606 2916 John
630 2863 772 2904 thinks
795 2864 885 2905 that
910 2870 1049 2904 tamen
1075 2877 1174 2904 eon-

215 2923 329 2959 nects
356 2918 452 2958 well
479 2918 582 2958 with
610 2918 681 2958 the
710 2919 931 2971 preceding
961 2919 1174 2972 imperfect

217 2971 492 3024 subjunctives
520 2973 785 3021 (inveniretur
804 3002 814 3012 .
835 3003 845 3013 .
868 3003 877 3013 .
902 2986 1174 3026 supervacuus

217 3025 355 3079 esset).
393 3026 484 3065 The
502 3026 695 3077 meaning
710 3027 850 3066 would
864 3027 959 3068 then
977 3028 1040 3076 be,
1061 3031 1071 3049 ‘
1084 3028 1175 3068 that

217 3079 254 3119 is
279 3080 328 3119 of
342 3092 482 3120 course
508 3093 560 3119 an
586 3080 859 3121 unrealizable
885 3080 1007 3127 ideal,
1027 3082 1107 3121 and
1126 3094 1173 3121 so

218 3132 287 3174 the
314 3139 456 3173 orator
480 3134 515 3173 is
539 3139 612 3173 not
638 3133 866 3187 altogether
891 3135 1172 3188 superfluous:

219 3188 295 3227 but
323 3188 380 3227 all
409 3188 478 3227 the
514 3186 650 3234 same‚’
678 3192 755 3230 διο.
812 3189 903 3230 The
936 3190 1105 3242 reading
1138 3191 1174 3229 is

217 3241 408 3283 however
434 3243 636 3282 doubtful.

219 3306 338 3390 bello.
379 3300 624 3337 medentis.
684 3296 761 3338 See
805 3310 859 3338 on
896 3298 1174 3350 cognoscentur,

287 3363 365 3391 ow.

278 3416 296 3443 1
306 3415 323 3443 1
332 3435 342 3445 .
373 3408 703 3446 saluberrimis.

753 2757 834 2796 sic.
904 2755 962 2795 So
995 2757 1060 2797 25.
1100 2767 1173 2805 10;

773 3405 830 3446 So
865 3406 977 3446 Hist.
1006 3419 1047 3447 v,
1077 3406 1117 3455 6,
1147 3419 1174 3458 4

219 3459 406 3512 Corpora
446 3459 661 3500 hominum
701 3460 880 3500 salubria
925 3466 967 3501 et
1004 3460 1174 3501 ferentia

217 3513 426 3555 laborum:
459 3515 568 3554 Ann.
598 3514 639 3554 ii.
670 3526 738 3565 33,
761 3526 812 3566 14
840 3515 1054 3556 salubritas
1084 3529 1172 3556 cor·

219 3580 379 3620 porum.
441 3569 532 3608 The
571 3582 682 3609 same
719 3582 790 3609 use
828 3570 874 3610 of
903 3570 986 3609 this
1021 3570 1103 3621 adj.
1138 3571 1172 3610 is

217 3622 344 3716 {gund
379 3621 422 3662 in
460 3622 564 3675 Livy
596 3623 675 3664 and
713 3623 879 3672 Sallust,
918 3625 990 3665 but
1022 3631 1095 3665 not
1131 3624 1172 3664 in

256 3689 378 3717 icero.

1319 2058 1380 2097 13.
1410 2050 1633 2096 regentis,
1660 2046 1741 2098 obj.
1769 2060 1887 2099 gen.:
1915 2059 2031 2087 more
2056 2048 2221 2101 usually

1259 2114 1357 2152 erga
1377 2114 1410 2141 c.
1429 2114 1529 2150 acc.,
1546 2100 1685 2141 Germ.
1701 2102 1799 2140 xliv.
1817 2113 1854 2152 5.
1894 2103 2049 2154 Regem
2067 2103 2101 2142 is
2121 2103 2221 2143 used

1259 2156 1574 2208 intransitively,
1588 2155 1637 2195 of
1645 2156 1714 2196 the
1728 2156 1928 2209 princeps,
1943 2157 2033 2196 also
2052 2165 2094 2196 at
2110 2158 2215 2196 Ann.

1260 2210 1312 2249 iv.
1336 2222 1401 2261 33,
1422 2211 1494 2259 183
1522 2211 1608 2251 xiii.
1634 2223 1670 2262 3,
1687 2224 1737 2262 4:
1765 2224 1829 2263 ep.
1848 2210 1989 2262 Quint.
2011 2211 2070 2250 iii.
2089 2213 2127 2261 8,
2144 2222 2218 2263 47:

1261 2264 1351 2304 Sen.
1374 2265 1425 2305 de
1443 2265 1511 2304 Ira
1529 2265 1571 2304 ii.
1595 2276 1659 2316 15,
1678 2277 1716 2315 4.
1775 2266 1858 2305 For
1876 2271 2050 2317 paratos
2078 2266 2126 2305 in
2154 2279 2218 2319 cp.

1261 2320 1401 2370 Quint.
1424 2333 1463 2359 X.
1488 2330 1526 2371 5,
1550 2330 1596 2358 12
1618 2319 1660 2359 in
1686 2332 1827 2359 omnes
1855 2333 1999 2359 causas
2028 2326 2217 2372 paratus:

1262 2374 1373 2413 Hist.
1412 2373 1464 2413 iv.
1506 2387 1568 2426 32,
1599 2374 1624 2413 8
1659 2379 1850 2426 paratum
1887 2374 1928 2413 in
1965 2388 2029 2414 res
2065 2388 2217 2417 novas:

1260 2428 1384 2480 Verg.
1406 2429 1511 2469 Aen.
1532 2429 1576 2469 ii.
1596 2427 1645 2467 61
1669 2429 1711 2467 in
1730 2435 1946 2481 utrumque
1964 2435 2143 2482 paratus.

1312 2486 1467 2530 longis
1490 2512 1500 2521 .
1518 2514 1528 2524 .
1545 2515 1554 2524 .
1573 2487 1836 2523 sententiis.
1867 2483 1958 2523 The
1973 2483 2145 2536 speaker
2159 2498 2218 2524 re-

1260 2550 1352 2576 curs
1371 2537 1465 2577 here
1478 2542 1522 2577 to
1538 2537 1649 2577 what
1661 2551 1747 2577 was
1762 2538 1852 2577 said
1867 2538 1909 2577 in
1939 2540 2002 2578 36.
2025 2549 2073 2590 27
2098 2541 2109 2559 ‘
2125 2552 2218 2579 cum

1259 2605 1406 2644 parum
1439 2598 1543 2632 esset
1574 2592 1615 2631 in
1654 2598 1795 2632 senatu
1830 2593 2007 2633 breviter
2031 2593 2217 2634 censere?

1259 2647 1300 2686 A
1319 2646 1587 2699 compliment
1608 2647 1643 2686 is
1669 2647 1842 2700 implied
1871 2653 1915 2686 to
1934 2647 2003 2687 the
2022 2648 2218 2687 adminis-

1259 2701 1411 2741 tration
1440 2701 1488 2740 of
1511 2701 1740 2754 Vespasian
1770 2702 1801 2752 (‘
1818 2702 2140 2754 sapientissimus
2174 2709 2215 2743 et

1258 2768 1362 2796 unus
1378 2756 1422 2807 ')‚
1438 2755 1599 2808 though
1612 2757 1682 2796 the
1698 2756 1856 2809 picture
1875 2756 1981 2809 ispi
2001 2757 2217 2808 idealgte.

1318 2821 1379 2862 14.
1409 2814 1572 2850 multis
1593 2841 1602 2851 .
1625 2842 1635 2852 .
1659 2841 1668 2850 .
1687 2813 2002 2852 contionibus.
2049 2812 2126 2863 Cp.
2149 2813 2214 2852 36.

1263 2876 1314 2904 10
1347 2865 1462 2905 Hinc
1494 2866 1707 2905 contiones
1739 2865 2054 2917 magistratuum
2088 2879 2220 2918 paene

1258 2920 1591 2971 pernoctantium
1602 2920 1643 2959 in
1655 2920 1811 2960 rostris.
1843 2920 1927 2960 For
1942 2920 2012 2960 the
2025 2920 2216 2972 thought,

1260 2987 1453 3025 compare
1492 2974 1631 3025 Quint.
1671 2975 1726 3013 vi.
1765 2985 1799 3020 1,
1836 2985 1885 3025 35
1935 2975 2046 3027 quod
2091 2988 2218 3026 genus

1259 3028 1407 3066 nostris
1424 3029 1679 3079 temporibus
1708 3033 1840 3067 totum
1861 3041 1990 3080 paene
2011 3029 2217 3068 sublatum

1259 3088 1332 3129 est,
1356 3094 1451 3121 cum
1471 3082 1610 3121 omnia
1629 3095 1748 3121 curae
1767 3083 1998 3134 tutelaeque
2019 3084 2139 3122 unius
2158 3083 2217 3122 in-

1258 3135 1355 3174 nixa
1369 3136 1591 3187 periclitari
1610 3136 1725 3175 nullo
1745 3136 1887 3176 iudicii
1906 3137 2017 3176 exitu
2032 3138 2205 3189 possint.

1319 3201 1380 3240 15.
1414 3191 1646 3230 multi=oi
1681 3189 1853 3233 πολλοῖς
1891 3196 1943 3231 tr.
1975 3191 2071 3231 ‘the
2103 3191 2219 3231 unin-

1259 3244 1439 3284 structed
1458 3242 1610 3296 many.'

1318 3307 1379 3349 17.
1426 3311 1576 3347 parce,
1616 3297 1767 3339 almost
1804 3311 2078 3351 synonymous
2115 3300 2216 3340 with

1260 3355 1273 3375 ‘
1285 3350 1405 3401 raro,'
1453 3352 1613 3405 though
1665 3353 1735 3393 the
1787 3354 2025 3393 translators
2076 3355 2219 3395 render

1258 3405 1437 3459 ‘slight,’
1458 3406 1804 3459 ‘insignificant't
1841 3421 1903 3460 cp.
1928 3408 2033 3449 Hor.
2064 3409 2162 3450 Car.
2191 3409 2218 3450 i.

1262 3473 1281 3500 2
1288 3474 1325 3513 5,
1343 3473 1359 3500 1
1385 3462 1553 3502 Parcius
1576 3463 1749 3509 iunctas,
1770 3465 1859 3511 &c.‚
1885 3463 1966 3502 and
1983 3463 2217 3515 Quintilian

1258 3515 1499 3569 frequently.

1288 3573 1552 3620 invidiosis,
1570 3577 1579 3593 ⁶
1589 3569 1895 3623 hate-stirring.'
1914 3571 2027 3611 Hist.
2046 3571 2072 3610 i.
2077 3583 2099 3621 3
2106 3583 2166 3621 3,1
2177 3584 2210 3612 2.

1314 3626 1378 3666 18.
1407 3628 1746 3672 cognoscentis.
1816 3627 1900 3665 For
1928 3626 1997 3665 the
2030 3628 2214 3666 substan-

1257 3679 1359 3719 tival
1384 3691 1455 3721 use
1484 3680 1532 3721 of
1554 3679 1624 3721 the
1652 3680 1881 3734 participle,
1912 3693 1978 3734 cp.
1998 3681 2212 3729 medentis,

2242 689 2294 718 10

2242 1151 2289 1192 15
