2424 4166
162 661 217 701 30

241 237 315 286 40
903 220 1290 274 CORNELII
1330 223 1416 272 TA
1431 221 1602 275 CJTJ

240 359 475 412 inmensi
501 359 663 424 huius
689 360 824 423 aevi,
851 377 1118 428 perquam
1153 360 1321 412 breve
1353 367 1408 412 et
1444 359 1500 411 in
1532 358 1792 428 proximo
1827 366 1925 412 est.
2005 357 2153 410 Nam
2189 359 2248 423 si,

241 461 302 504 ut
333 451 527 506 Cicero
555 454 610 505 in
639 454 943 506 Hortensio
971 454 1172 516 scribit,
1200 454 1245 505 is
1273 461 1358 505 est
1384 470 1618 521 magnus
1651 461 1708 506 et
1731 467 1892 506 verus
1917 468 2108 517 annuS,
2134 469 2248 521 quo

241 547 436 599 eadem
477 548 681 615 positio
719 547 855 599 caeli
895 547 1247 615 siderumque
1285 564 1429 615 quae
1466 563 1593 598 cum
1631 546 1878 599 maxime
1916 554 2001 599 est
2032 564 2246 600 rursum

239 640 459 704 existet,
501 641 656 709 isque
697 658 871 693 annus
916 641 1115 692 horum
1157 658 1297 708 quos
1342 657 1443 692 nos
1486 657 1751 692 vocamus
1795 658 2063 693 annorum
2108 643 2248 694 duo-

238 734 417 785 decim
438 734 589 785 milia
609 742 919 802 nongentos
938 735 1338 802 quinquaginta
1354 742 1618 802 quattuor
1636 733 2036 802 complectitur,
2059 735 2248 803 incipit

239 827 649 880 Demosthenes
674 836 872 892 vester,
899 845 1064 895 quem
1091 846 1189 879 vos
1215 836 1456 879 veterem
1483 835 1539 879 et
1566 828 1856 895 antiquum
1889 827 2109 897 fingitis,
2135 846 2248 881 non

237 921 418 973 solum
447 922 644 973 eodem
673 938 817 972 anno
844 938 956 989 quo
982 938 1100 985 nOS,
1127 922 1225 973 sed
1252 921 1422 973 etiam
1449 921 1647 972 eodem
1677 938 1864 973 mense
1890 922 2157 975 extitisse.

312 1017 405 1073 17.
447 1013 559 1066 Sed
583 1022 805 1066 transeo
831 1015 900 1066 ad
930 1014 1163 1066 Latinos
1188 1022 1448 1074 oratores,
1470 1015 1526 1065 in
1546 1014 1747 1081 quibus
1768 1032 1880 1067 non
1910 1016 2249 1079 Menenium,

238 1114 300 1159 ut
364 1114 518 1175 put0,
570 1107 906 1175 Agrippam,
970 1108 1065 1175 qui
1130 1114 1319 1174 potest
1374 1107 1546 1160 videri
1596 1109 1876 1175 antiquuS,
1934 1117 2249 1162 nostrorum

237 1209 551 1269 temporum
569 1201 787 1253 disertis
815 1209 1150 1270 anteponere
1177 1200 1379 1264 soletiS,
1406 1201 1503 1253 sed
1534 1199 1856 1254 Ciceronem
1878 1210 1934 1254 et
1954 1201 2250 1255 Caesarem

1058 1331 1077 1354 c
1271 1324 1324 1353 tos
1445 1324 1498 1354 tos

295 1373 359 1413 3¹·
390 1369 611 1415 nongentos
640 1364 735 1404 Nic.
767 1362 962 1403 Loensis:
1011 1373 1110 1400 V111·
1134 1365 1181 1412 B,
1215 1373 1299 1400 1⁷00-
1323 1364 1377 1412 A,
1406 1364 1494 1403 dccc
1516 1364 1566 1404 C.
1597 1363 1684 1404 dccc
1716 1364 1822 1414 DH,
1853 1365 2101 1417 octingentos
2115 1366 2221 1416 EV2.

239 1429 305 1468 32.
335 1424 468 1458 vester
503 1419 711 1468 BCEV2A
745 1419 838 1469 (but
870 1419 904 1457 B
940 1424 1019 1458 este
1055 1419 1097 1458 in
1136 1418 1295 1470 litura),
1342 1419 1515 1458 videtur
1546 1419 1644 1467 AD,
1686 1418 1747 1458 ‘ffr-
1783 1419 1843 1470 H,
1897 1420 2067 1472 [vester]
2105 1420 2249 1460 Halm.

241 1483 305 1523 33.
334 1473 461 1512 etiam
482 1473 705 1514 Michaelis
729 1475 810 1527 (cp.
828 1474 866 1517 7.
891 1484 968 1525 143
998 1475 1064 1513 20.
1089 1486 1166 1524 14;
1196 1476 1263 1513 21.
1285 1485 1361 1524 333
1390 1475 1458 1513 24.
1477 1473 1519 1526 5)
1541 1488 1551 1513 :
1577 1473 1709 1526 fama
1728 1474 1849 1515 codd.
1878 1475 1994 1527 (fere
2015 1476 2049 1515 B
2068 1488 2187 1522 corr„
2204 1476 2249 1515 H

239 1527 331 1567 Put.
348 1528 489 1580 ferme
510 1528 704 1580 Bekker).
746 1528 860 1567 modo
876 1528 910 1568 C
931 1528 1014 1580 (for
1033 1527 1201 1579 mense).

293 1586 362 1625 17.
396 1594 430 1624 1.
463 1584 712 1623 Menenium
728 1583 801 1622 BE
823 1583 882 1636 (in
898 1583 1064 1636 marg),
1087 1597 1150 1624 me
1169 1583 1356 1623 nimium
1377 1588 1475 1624 cett.
1493 1583 1614 1625 codd.
1727 1595 1764 1635 3.
1793 1585 1929 1625 soletis
1948 1585 2089 1636 codd.,
2107 1586 2252 1626 voletis

241 1637 425 1688 Kleiber‚
449 1638 592 1678 Wolff.

239 1755 264 1781 a
285 1741 412 1793 slight
432 1742 659 1794 pleonasm.
718 1742 758 1782 It
786 1743 822 1783 is
848 1755 893 1782 as
917 1743 953 1783 if
977 1742 1045 1782 the
1069 1743 1204 1781 writer

239 1796 321 1836 had
361 1797 450 1836 said
489 1798 530 1836 si
566 1798 625 1836 ad
658 1798 908 1837 immensum
946 1797 1018 1837 hoc
1053 1811 1202 1836 aevum

239 1852 489 1902 respexerit:
534 1865 598 1904 cp.
633 1854 697 1892 24.
741 1853 795 1892 ad
833 1852 916 1900 fin„
954 1852 1059 1893 effici
1097 1853 1204 1892 ratio

239 1912 475 1957 temporum
505 1908 748 1960 collegerit:
783 1907 892 1948 Hist.
923 1908 948 1948 i.
981 1919 1049 1958 32,
1075 1919 1121 1946 12
1144 1920 1203 1946 re·

240 1974 401 2012 gressus
443 1962 683 2002 facultatem
730 1962 771 2001 in
818 1962 954 2002 aliena
999 1968 1204 2014 potestate

241 2029 356 2056 esse:
395 2017 502 2055 Ann.
527 2017 584 2056 iii.
617 2028 651 2066 3.
679 2018 702 2056 8
735 2017 1068 2067 magnitudinem
1101 2017 1203 2056 mali

240 2071 415 2124 perferre
435 2072 526 2111 visu
546 2085 628 2111 non
649 2071 852 2111 toleravit.

300 2135 363 2177 27.
419 2139 644 2173 perquam
674 2131 841 2166 breve:
891 2139 938 2166 so
978 2129 1204 2178 ‘perquam

240 2179 441 2230 breviter‚’
464 2181 553 2221 Cic.
576 2182 627 2221 de
645 2182 714 2221 Or.
736 2181 776 2221 ii.
802 2185 822 2229 ξ
843 2193 933 2222 201.
992 2183 1203 2234 Perquam

243 2249 386 2276 occurs
407 2237 514 2276 Ann.
537 2236 605 2275 xii.
628 2249 695 2288 49,
721 2248 743 2286 3
762 2250 771 2284 ;
807 2237 887 2275 xvi.
912 2248 977 2284 20,
1001 2247 1036 2286 3.

298 2293 351 2330 in
384 2294 600 2337 proximo
635 2297 721 2331 est.
792 2291 881 2331 The
915 2291 1205 2342 grammatical

242 2346 397 2396 subject
444 2347 477 2385 is
522 2347 706 2398 spatium
753 2346 958 2398 temporis,
1014 2346 1087 2385 but
1134 2346 1205 2385 the

241 2401 327 2440 real
366 2401 520 2452 subject
558 2401 593 2440 is
632 2401 703 2440 the
750 2401 892 2454 period
929 2400 1029 2440 with
1066 2400 1205 2440 which

242 2456 275 2494 it
306 2469 448 2507 opens,
483 2456 559 2496 viz.
591 2456 661 2496 the
696 2470 773 2508 age
812 2456 860 2494 of
892 2455 1206 2495 Demosthenes.

244 2510 328 2549 For
361 2511 408 2549 in
430 2511 636 2563 proximo,
674 2524 741 2551 see
773 2518 869 2551 note
898 2524 952 2550 on
982 2511 1029 2550 in
1060 2511 1205 2561 medio,

245 2567 308 2606 18.
333 2578 368 2606 2.

302 2621 364 2660 28.
409 2623 684 2660 Hortensio.
770 2620 874 2659 This
917 2620 999 2659 lost
1040 2620 1204 2660 treatise

242 2674 409 2714 derived
430 2674 484 2713 its
503 2687 625 2713 name
646 2674 750 2714 from
779 2674 903 2725 being
923 2674 1139 2714 dedicated
1160 2681 1206 2714 to

243 2728 426 2770 Cicero's
454 2735 569 2781 great
598 2728 724 2768 rival:
757 2729 844 2768 Cic.
873 2729 924 2768 de
952 2729 1041 2768 Fin.
1071 2730 1096 2768 i.
1123 2740 1159 2778 1,
1183 2741 1203 2767 2

242 2797 326 2836 quo
355 2797 379 2823 a
407 2784 527 2823 nobis
555 2783 825 2836 philosophia
853 2783 1019 2823 defensa
1050 2790 1090 2823 et
1120 2784 1205 2823 col—

242 2838 412 2878 laudata
440 2845 514 2885 est,
544 2851 638 2878 cum
668 2844 774 2878 esset
807 2844 998 2877 accusata
1032 2845 1071 2878 et
1102 2839 1206 2877 vitu-

243 2899 386 2946 perata
406 2893 459 2932 ab
482 2893 721 2933 Hortensio.
770 2894 810 2932 A
830 2893 987 2933 similar
1003 2894 1206 2933 reference

242 2950 278 2987 is
308 2948 428 2988 made
458 2949 512 3000 by
540 2947 713 2996 Servius,
746 2948 800 2987 ad
821 2948 924 2988 Aen.
947 2948 972 2988 i.
998 2947 1074 2997 269
1105 2948 1207 2988 Tria

244 3009 337 3042 sunt
366 3015 514 3054 genera
543 3016 766 3042 annorum:
810 3008 882 3042 aut
910 3003 1019 3043 enim
1049 3003 1205 3042 lunaris

244 3071 374 3097 annus
401 3064 461 3098 est
490 3071 570 3097 xxx
599 3058 759 3097 dierum
791 3063 861 3097 aut
890 3058 1120 3098 solstitialis
1148 3058 1205 3097 xii

242 3125 428 3153 mensum
457 3119 527 3152 aut
557 3113 778 3152 secundum
800 3112 987 3152 Tullium
1017 3126 1204 3165 magnus,

245 3168 315 3220 qui
354 3173 464 3207 tenet
511 3166 842 3207 ffiDCCCCLIIII
882 3180 1024 3212 annos,
1072 3174 1117 3207 ut
1164 3167 1206 3207 in

245 3223 473 3262 Hortensio
489 3236 496 3262 :
529 3223 675 3261 horum
693 3236 892 3261 annorum
910 3235 1014 3274 quos
1028 3222 1070 3261 in
1091 3222 1207 3262 fastis

243 3278 459 3326 habemus,
489 3290 663 3329 magnus
683 3278 990 3316 {HDCCCCLIII
1021 3277 1206 3329 amplec-

244 3333 353 3372 titur.
409 3332 499 3371 The
529 3331 718 3371 duration
753 3332 800 3371 of
829 3332 901 3371 the
935 3331 1062 3371 Great
1099 3332 1208 3371 Year

245 3401 331 3426 was
359 3387 568 3438 variously
598 3386 838 3433 estimated;
872 3389 913 3426 in
943 3400 1024 3438 any
1052 3399 1146 3426 case
1174 3387 1206 3427 it

245 3442 386 3481 would
420 3441 519 3493 only
551 3442 602 3481 be
629 3441 865 3494 completed
894 3441 1013 3481 when
1046 3441 1106 3480 all
1135 3440 1206 3480 the

246 3497 447 3548 heavenly
466 3497 609 3536 bodies
638 3510 753 3536 came
784 3497 889 3536 back
918 3502 963 3536 to
993 3495 1063 3535 the
1091 3509 1206 3536 same

247 3551 388 3603 places
414 3551 454 3589 in
477 3551 610 3590 which
636 3551 734 3603 they
752 3564 860 3590 were
889 3556 931 3590 at
961 3550 1030 3590 the
1060 3551 1203 3603 begin-

245 3606 345 3657 ning
365 3605 412 3644 of
433 3605 503 3645 the
522 3606 675 3645 world:
707 3619 771 3658 cp.
790 3606 859 3645 the
879 3606 959 3645 last
981 3605 1143 3646 Chorus
1163 3605 1203 3644 in

245 3658 446 3712 Shelley's
481 3660 658 3701 ‘Hellas
670 3661 749 3690 '——‘
767 3660 858 3701 The
890 3659 1058 3700 world's
1089 3667 1204 3713 great

1288 1754 1367 1794 age
1387 1743 1532 1794 begins
1551 1741 1696 1792 anew,’
1716 1745 1792 1783 διο.
1852 1743 1928 1783 See
1956 1743 2045 1784 Cic.
2070 1744 2122 1784 de
2144 1745 2251 1798 Rep.

1286 1811 1340 1837 v1.
1367 1809 1427 1836 22.

1345 1864 1407 1904 29.
1436 1864 1545 1892 eum
1563 1852 1904 1892 maxime=hoc
1926 1852 2021 1905 ipso
2049 1858 2251 1906 tempore,

1290 1908 1358 1946 ‘at
1404 1906 1487 1946 this
1534 1906 1759 1958 particular
1805 1906 2040 1948 moment’:
2089 1909 2162 1948 νῦν
2201 1923 2251 1960 ’γε

1288 1961 1481 2010 μάλιστα.
1516 1961 1573 2001 So
1589 1962 1654 2004 37.
1671 1970 1692 2013 7
1706 1975 1799 2001 cum
1813 1963 1993 2002 maxime
2011 1975 2037 2002 a
2051 1963 2250 2004 Muciano

1289 2017 1606 2056 contrahuntur:
1638 2029 1705 2069 cp.
1722 2016 1833 2056 Hist.
1856 2017 1882 2057 i.
1900 2029 1964 2070 29,
1983 2029 2057 2069 14:
2087 2019 2154 2070 84,
2176 2018 2250 2060 16:

1289 2071 1347 2110 iii.
1377 2084 1416 2123 4.
1449 2081 1526 2111 11:
1566 2071 1620 2110 iv.
1652 2082 1719 2122 55,
1754 2072 1831 2119 183
1873 2072 1938 2122 58,
1973 2084 2049 2123 13;
2091 2074 2161 2125 65,
2195 2073 2249 2114 6:

1290 2126 1401 2165 Ann.
1422 2125 1481 2165 iii.
1504 2136 1567 2178 59,
1594 2137 1637 2164 11
1659 2139 1668 2165 z
1698 2125 1750 2166 iv.
1777 2134 1840 2177 27,
1865 2138 1890 2178 9
1923 2127 1953 2178 (‘
1966 2133 2009 2167 at
2037 2127 2127 2167 that
2155 2141 2253 2180 very

1289 2186 1473 2219 moment
1485 2178 1530 2230 ⁹).
1601 2179 1692 2220 The
1730 2181 1879 2232 phrase
1917 2195 2060 2222 occurs
2090 2182 2181 2222 also
2209 2184 2253 2223 in

1290 2235 1439 2275 Cicero
1471 2235 1540 2285 (de
1569 2234 1651 2275 Off.
1681 2235 1724 2275 ii.
1758 2239 1778 2283 ξ
1805 2247 1878 2286 23:
1910 2236 1952 2275 in
1973 2237 2088 2278 Verr.
2109 2239 2161 2277 iv.
2185 2240 2252 2288 38,

1293 2293 1312 2337 ς
1348 2292 1430 2330 82:
1472 2290 1654 2343 Harusp.
1694 2290 1819 2343 Resp.
1857 2294 1878 2339 ξ
1915 2293 1988 2341 32)
2026 2292 2108 2331 and
2147 2293 2252 2343 Livy

1292 2344 1366 2396 (xl.
1399 2356 1464 2394 32,
1489 2347 1544 2394 1).
1603 2347 1643 2384 A
1671 2345 1793 2385 fuller
1819 2346 1925 2385 form
1952 2346 1988 2386 is
2016 2360 2132 2386 nunc
2157 2361 2252 2387 cum

1291 2400 1496 2440 maxime:
1536 2413 1612 2452 pro
1641 2399 1804 2440 Cluent.
1838 2404 1857 2448 ξ
1894 2412 1975 2440 12:
2019 2401 2106 2441 Liv.
2141 2403 2251 2443 xxix.

1296 2465 1309 2491 1
1321 2463 1358 2506 7,
1377 2462 1412 2506 7.
1462 2455 1502 2494 It
1522 2455 1556 2494 is
1576 2455 1836 2506 noteworthy
1855 2455 1945 2495 that
1963 2469 2056 2496 cum
2070 2457 2253 2497 maxime

1290 2509 1325 2547 is
1344 2516 1416 2549 not
1435 2509 1562 2549 found
1584 2509 1625 2549 in
1646 2509 1883 2561 Quintilian,
1918 2511 2077 2563 though
2104 2511 2158 2551 he
2177 2511 2253 2551 has

1291 2577 1405 2603 nunc
1443 2565 1650 2604 maxime:
1700 2565 1755 2603 ix.
1803 2578 1843 2616 4,
1884 2564 1937 2604 66
1985 2566 2098 2618 quod
2143 2579 2254 2606 nunc

1290 2619 1468 2658 maxime
1488 2619 1634 2658 vitium
1653 2624 1726 2667 est,
1749 2632 1815 2672 cp.
1835 2619 1886 2660 xi.
1911 2632 1947 2670 3,
1971 2629 2035 2672 57.

1347 2683 1419 2722 31:
1445 2675 1617 2719 incipit
1649 2672 1867 2726 (ἅρχεταύ,
1904 2673 1952 2714 of
1983 2688 2008 2714 a
2040 2688 2253 2728 necessary

1290 2727 1541 2774 conclusion,
1576 2728 1680 2780 (like
1707 2730 1916 2781 sequitur)
1950 2731 2011 2770 ‘it
2038 2730 2180 2782 begins
2207 2737 2252 2771 to

1289 2795 1446 2834 appear
1474 2781 1592 2830 that‚'
1624 2782 1696 2823 Sec.
1768 2783 1824 2823 So
1856 2784 1969 2823 often
1998 2784 2041 2823 in
2071 2786 2251 2825 Seneca:

1290 2850 1324 2875 e.
1338 2850 1379 2888 g.
1409 2837 1525 2877 Dial.
1555 2838 1614 2877 iii.
1647 2848 1710 2886 10,
1734 2848 1756 2887 3
1786 2838 1933 2879 deinde
1961 2839 2109 2879 desinit
2139 2841 2252 2892 quic-

1290 2905 1414 2943 quam
1434 2904 1555 2943 posse
1575 2893 1696 2941 ratio,
1719 2893 1752 2932 si
1772 2893 1877 2932 nihil
1906 2900 2043 2946 potest
2067 2894 2154 2935 sine
2181 2896 2252 2934 ad·

1291 2946 1414 2995 fectu,
1443 2952 1485 2986 et
1513 2947 1658 3000 incipit
1687 2961 1764 3000 par
1790 2947 1854 2987 illi
1883 2948 2110 3002 similisque
2135 2962 2248 2990 esse:

1291 3000 1373 3039 viii.
1410 3002 1446 3049 8,
1485 3012 1508 3051 3
1542 3002 1690 3054 quodsi
1718 3015 1800 3041 non
1831 3003 2036 3043 invenitur
2064 3004 2138 3044 illa
2172 3018 2253 3045 res—-

1290 3055 1469 3106 publica,
1492 3069 1617 3108 quam
1637 3070 1713 3097 nos
1732 3057 1939 3110 fingimus,
1954 3059 2099 3111 incipit
2119 3061 2252 3099 omni·

1290 3110 1367 3150 bus
1394 3124 1481 3151 esse
1509 3112 1640 3150 otium
1668 3112 1962 3153 necessarium:
2005 3114 2083 3166 Ep.
2113 3126 2182 3166 95,
2212 3126 2250 3164 3,

1291 3164 1358 3217 46.
1416 3165 1494 3218 Cp.
1525 3166 1668 3217 Quint.
1696 3166 1816 3207 Decl.
1841 3166 1903 3211 26,
1926 3179 1947 3218 5
1976 3181 2101 3220 quare
2127 3171 2161 3209 si
2181 3182 2254 3222 ap-

1290 3221 1472 3273 paruerit
1499 3227 1538 3260 te
1559 3221 1713 3261 malam
1732 3235 1898 3262 causam
1926 3223 2074 3263 habere
2103 3224 2253 3276 incipis

1290 3288 1376 3315 rem
1398 3275 1694 3327 iniquissimam
1709 3276 1942 3328 postulare:
1972 3278 2072 3318 ibid.
2099 3290 2188 3330 213,
2213 3279 2252 3320 8.

1345 3334 1412 3373 17.
1439 3341 1471 3368 1.
1495 3333 1747 3370 Menenius
1759 3334 1983 3381 Agrippa,
1997 3333 2141 3372 consul
2158 3343 2196 3373 Β.
2212 3343 2251 3373 c.

1291 3395 1382 3435 503,
1405 3384 1474 3425 the
1492 3385 1641 3425 author
1656 3386 1704 3425 of
1718 3386 1788 3425 the
1808 3386 1968 3426 famous
1986 3387 2195 3440 apologue
2210 3389 2259 3429 of

1289 3439 1358 3479 the
1380 3439 1498 3491 Belly
1516 3440 1597 3479 and
1618 3440 1688 3480 the
1708 3441 1932 3489 Members,
1956 3442 2057 3494 Livy
2075 3442 2117 3482 ii.
2141 3455 2205 3494 32.

1350 3506 1384 3534 2.
1413 3499 1571 3541 potest
1589 3497 1745 3536 videri
1760 3499 1998 3546 antiquus,
2022 3499 2032 3518 ‘
2048 3511 2146 3550 may
2157 3498 2253 3539 well

1289 3549 1341 3588 be
1385 3550 1625 3590 considered
1661 3549 2023 3600 ancient,’—vetus
2065 3558 2106 3592 et
2150 3553 2252 3594 olim

1285 3610 1419 3652 natus,
1444 3607 1507 3644 16.
1533 3605 1595 3645 18.

1324 3671 1384 3711 ⁴3.
1416 3661 1688 3702 Caesarem:
1718 3674 1787 3702 see
1805 3674 1858 3702 on
1879 3663 1944 3702 21.
1969 3672 2031 3715 19.
