2424 4166
650 262 1045 314 DJALOGUS
1078 261 1192 311 DE
1228 263 1370 313 ΘΚΑ
1386 262 1729 315 TORIBUS.
2123 262 2190 329 89

197 405 434 459 dixerim
479 404 594 456 sine
638 404 989 472 ingenuitate,
1032 405 1187 472 quasi
1234 421 1341 457 una
1387 422 1460 457 ex
1510 404 1898 457 sordidissimis
1948 403 2193 456 artificiis

198 499 452 551 discatur.

531 497 682 564 Ergo
733 497 872 549 hanc
924 497 1159 564 primam
1199 505 1254 549 et
1297 499 1651 566 praecipuam
1696 514 1918 550 causam
1960 497 2195 549 arbitror

198 592 373 644 curin
400 569 616 643 tantum
643 590 715 641 ab
747 590 1061 657 eloquentia
1095 591 1442 658 antiquorum
1475 598 1755 642 oratorum
1794 591 2192 642 recesserimus

199 683 263 737 Si
313 690 484 736 testes
533 682 929 746 desiderantur,
981 699 1122 751 quos
1171 683 1416 750 potiores
1473 683 1773 735 nominabo
1824 700 1992 751 quarn
2043 682 2193 750 apud

198 774 435 828 Graecos
462 774 913 838 Demosthenem,
930 792 1095 842 quem
1123 775 1586 849 studiosissimum
1612 776 1858 828 Platonis
1884 776 2191 828 auditorem
2221 800 2239 827 2
2249 800 2270 840 5

195 869 360 921 fuisse
386 868 685 920 memoriae
721 868 1003 935 proditum
1030 874 1156 921 est?
1233 869 1310 921 Et
1343 869 1538 922 Cicero
1565 869 1663 930 his,
1691 877 1753 922 ut
1778 870 1987 938 opinor,
2013 870 2194 921 verbis

196 962 374 1025 refert,
401 961 664 1029 quidquid
691 962 746 1013 in
772 961 1086 1028 eloquentia
1105 962 1358 1027 effecerit,
1376 963 1430 1014 id
1451 981 1509 1015 se
1526 980 1636 1014 non
1655 963 1935 1016 rhetorum
1956 963 2194 1032 officz’nz'S,

196 1054 295 1106 sed
323 1054 664 1107 Academiae
690 1056 884 1123 spatiis
913 1064 1286 1109 consecutum.
1363 1055 1507 1108 Sunt
1547 1056 1688 1108 aliae
1719 1073 1930 1118 causae,
1960 1073 2196 1124 magnae

197 1155 255 1200 et
281 1164 487 1215 graveS,
514 1165 650 1215 quas
676 1166 708 1201 a
734 1149 892 1202 vobis
918 1149 1115 1218 aperiri
1147 1165 1387 1216 aequum
1414 1156 1513 1210 est,
1541 1149 1801 1216 quoniam
1828 1149 2054 1217 quidem
2090 1166 2195 1217 ego

197 1241 309 1294 iam
337 1259 521 1294 meum
553 1259 752 1295 munus
778 1242 1011 1311 explevi,
1027 1251 1082 1295 et
1108 1244 1258 1311 quod
1285 1242 1418 1294 mihi
1445 1243 1500 1294 in
1522 1244 1920 1296 consuetudine
1945 1251 2042 1307 est,
2062 1244 2195 1296 satis
2219 1262 2274 1301 30

199 1333 403 1387 multos
421 1335 642 1399 offendi,
660 1353 812 1404 quOS,
829 1338 874 1389 si
891 1336 1033 1389 forte
1058 1336 1195 1388 haec
1211 1336 1499 1399 audierint,
1517 1343 1728 1388 certum
1752 1335 1933 1389 habeo
1953 1337 2195 1391 dicturos

255 1478 318 1507 22.
348 1469 463 1521 Ergo
482 1469 759 1523 EV2HCAD,
781 1484 848 1523 ego
868 1471 955 1511 AB.
1012 1471 1197 1510 arbitror
1223 1483 1301 1509 cur
1326 1470 1432 1518 Fut„
1452 1469 1692 1509 arbitratur
1713 1470 1834 1523 (=tus)
1853 1470 1992 1518 ABH,
2012 1471 2199 1510 arbitror

197 1521 291 1562 DC.

197 1630 320 1672 codd.

196 1761 367 1803 Cicero:
397 1762 450 1803 de
471 1763 562 1803 Fin.
582 1764 608 1804 i.
632 1767 652 1812 5
669 1776 723 1816 44
751 1769 966 1817 amputata
985 1765 1155 1804 circum-

195 1817 362 1870 cisaque
387 1817 584 1858 inanitate
613 1819 724 1858 omni
753 1825 794 1858 et
822 1832 982 1859 errore:
1021 1818 1154 1859 Acad.

195 1871 238 1911 ii.
261 1873 376 1922 5138
407 1873 658 1913 circumcidit
685 1880 725 1914 et
754 1879 942 1926 amputat
970 1873 1154 1913 multitu-

197 1925 335 1966 dinem
353 1940 363 1967 :
393 1926 444 1967 de
465 1927 536 1967 Or·
558 1928 585 1966 i.
610 1933 628 1976 ξ
648 1927 700 1979 65
722 1929 819 1968 licet
838 1928 935 1969 huic
953 1934 1153 1980 quantum

199 1981 343 2033 cuique
375 1981 580 2021 videbitur
610 1982 876 2023 circumcidat
909 1989 1033 2036 atque
1065 1996 1152 2021 am-

198 2041 315 2088 putet
337 2036 367 2088 (‘
381 2035 477 2075 trim
497 2035 556 2075 off
573 2037 652 2076 and
671 2037 746 2090 lop
765 2036 953 2089 away’):
988 2038 1039 2077 de
1060 2038 1152 2077 Fin.

198 2102 237 2129 v.
261 2093 281 2137 5
305 2101 356 2142 39
376 2103 441 2129 ars
461 2091 731 2142 agricolarum
752 2105 857 2144 quae
872 2092 1151 2141 circumcidat,

199 2149 398 2196 amputet.
457 2144 540 2184 For
557 2146 627 2185 the
648 2145 787 2198 figure,
812 2147 935 2186 taken
956 2146 1060 2185 from
1082 2146 1152 2186 the

198 2210 364 2250 process
383 2198 432 2238 of
454 2200 642 2252 pruning,
663 2213 727 2252 cp.
748 2214 802 2240 on
813 2206 982 2252 pressus
1001 2202 1066 2241 18.
1090 2212 1153 2239 20.

256 2255 358 2292 sine
386 2259 628 2302 apparatu,
650 2258 752 2294 sine
782 2258 972 2303 honore,
1004 2257 1015 2276 ‘
1029 2255 1153 2294 shorn

202 2305 252 2345 of
272 2306 331 2346 all
357 2307 430 2346 her
455 2314 575 2356 state,
596 2309 655 2348 all
681 2309 754 2350 her
779 2307 1048 2359 adornment,’
1068 2309 1154 2349 like

199 2373 226 2400 a
245 2360 370 2410 fallen
389 2374 533 2414 queen.

255 2428 404 2462 paene
434 2419 660 2459 dixerim:
694 2418 759 2458 for
778 2417 861 2458 this
879 2418 1045 2459 aoristic
1064 2430 1155 2471 per-

201 2468 297 2519 fect,
319 2483 385 2510 see
404 2471 476 2511 Dr.
502 2475 522 2519 5
542 2472 592 2511 28
614 2474 652 2513 b.

259 2535 322 2565 21.
351 2529 658 2576 ingenuitate,
680 2526 773 2567 ‘the
799 2527 1011 2568 condition
1033 2527 1082 2567 of
1105 2540 1157 2567 an

201 2578 409 2630 ingenuus
438 2581 564 2631 (Ann.
593 2581 678 2621 xiii.
710 2590 774 2634 27,
803 2582 902 2634 17):
941 2589 990 2622 tr.
1022 2582 1159 2621 ‘inde-

200 2632 434 2685 pendence‚’
453 2637 463 2656 ‘
480 2635 626 2675 liberal
646 2636 940 2677 associations.’
972 2637 1048 2689 Cp.
1067 2636 1157 2676 Cic.

201 2686 253 2726 de
273 2687 343 2727 Or.
368 2688 395 2726 i.
418 2692 438 2736 5
459 2689 535 2740 236
565 2690 685 2731 istam
714 2691 812 2730 iuris
840 2691 1049 2731 scientiam
1078 2691 1158 2730 elo·

201 2742 392 2793 quentiae
404 2748 615 2797 tamquam
627 2745 868 2786 ancillulam
880 2746 1160 2799 pedisequam-

202 2808 281 2848 que
300 2796 532 2838 adiunxisti.

257 2854 595 2892 sordidissimis
624 2857 850 2895 artificiis.
907 2859 917 2875 ‘
934 2854 1134 2894 Sordidus
1148 2851 1159 2869 ’

203 2902 238 2943 is
250 2906 446 2959 specially
457 2908 556 2947 used
570 2908 618 2947 of
626 2921 650 2948 a
663 2907 1002 2961 money-making
1014 2908 1158 2948 handi-

204 2958 307 2998 craft
324 2973 333 3000 :
354 2960 464 3000 Ann.
481 2963 534 3001 xi.
553 2972 593 3012 5,
610 2974 648 3013 5.
705 2963 796 3002 The
812 2963 1002 3015 opposite
1017 2963 1158 3002 would

203 3012 255 3051 be
270 3014 281 3033 ‘
299 3020 404 3054 artes
423 3015 629 3067 elegantes
644 3022 683 3056 et
700 3015 927 3067 ingenuae‚'
942 3030 987 3056 as
1003 3017 1090 3057 Cic.
1107 3017 1158 3056 de

204 3065 297 3106 Fin.
313 3067 370 3108 iii.
392 3072 466 3118 54.
506 3070 715 3109 Andresen
735 3071 834 3110 cites
855 3070 948 3110 Sen.
970 3071 1046 3122 Ep.
1069 3072 1158 3116 108,

207 3120 258 3171 36
278 3122 349 3173 qui
371 3122 680 3174 philosophiam
702 3124 814 3164 velut
839 3124 1005 3175 aliquod
1035 3124 1159 3164 artifi-

205 3175 314 3213 cium
326 3176 468 3216 venale
480 3177 719 3217 didicerunt.
747 3178 836 3217 The
848 3178 1040 3218 feminine
1052 3179 1157 3217 form

205 3241 294 3267 una
314 3229 448 3269 shows
468 3231 535 3270 the
549 3231 746 3272 influence
760 3233 806 3271 of
819 3232 887 3272 the
903 3232 1156 3285 personifica·

206 3283 295 3322 tion
313 3285 359 3323 of
371 3287 382 3304 ‘
397 3284 631 3337 eloquentia
644 3285 653 3302 ’
671 3286 711 3325 in
727 3285 796 3325 the
813 3287 1018 3339 speaker's
1030 3287 1156 3326 mind.

263 3348 328 3377 22.
356 3341 556 3384 primam
585 3371 594 3380 .
627 3371 637 3381 .
668 3371 678 3381 .
710 3344 1016 3389 praecipuam,
1042 3354 1089 3381 as
1116 3347 1159 3381 at

205 3390 316 3431 Ann.
336 3393 388 3432 vi.
406 3405 447 3444 4,
470 3405 506 3444 3.
563 3394 640 3447 Cp.
661 3394 802 3446 Quint.
823 3395 866 3435 ii.
893 3407 955 3446 15,
980 3406 1015 3435 1.

264 3456 325 3495 23.
354 3449 407 3486 in
417 3452 600 3488 tantum
612 3455 836 3490 =tantum:
860 3450 998 3490 Germ.
1012 3449 1091 3489 xlv.
1107 3460 1154 3500 31

205 3498 248 3538 in
266 3504 425 3540 tantum
447 3515 471 3540 a
489 3501 677 3544 libertate
696 3504 951 3556 degenerant.
1007 3503 1063 3544 So
1084 3504 1159 3543 fre-

207 3554 375 3606 quently
395 3555 443 3594 in
462 3562 668 3608 quantum
690 3560 727 3598 2.
751 3569 800 3609 13
817 3571 828 3604 ς
858 3561 922 3598 41.
942 3570 1016 3611 19:
1047 3559 1156 3599 Ann.

205 3607 291 3648 xiii.
314 3620 380 3660 54,
401 3620 423 3660 5
443 3624 453 3658 ;
483 3611 537 3651 ib.
556 3612 636 3651 xiv.
651 3619 719 3663 47,
744 3623 778 3652 2.

264 3662 326 3703 26.
355 3668 604 3706 memoriae
645 3669 886 3713 proditum
921 3672 1005 3709 est.
1078 3667 1158 3721 Cp.

443 1535 505 1573 23.
530 1525 578 1564 in
596 1530 765 1565 tantum
785 1531 893 1565 most
912 1525 1051 1575 codd.,
1072 1529 1239 1565 tantum
1260 1524 1346 1564 HV
1367 1525 1449 1564 and
1466 1524 1561 1564 edd.

197 1576 428 1618 Acidalius.
483 1579 656 1632 qfficinz's
675 1580 810 1632 suppl.
832 1580 971 1620 Haase
992 1580 1099 1630 (Cic.
1120 1579 1193 1619 Or.
1218 1581 1238 1626 5
1262 1581 1342 1628 12).

541 1645 605 1684 31.
630 1647 728 1688 quos
742 1635 939 1675 Pithoeus
959 1634 1061 1687 (and
1079 1634 1156 1685 D),
1176 1633 1287 1687 quod
1302 1632 1421 1673 codd.

1717 1535 1780 1575 27.
1811 1537 1895 1564 non
1915 1525 1963 1564 in
1983 1524 2194 1564 rhetorum

1513 1589 1574 1631 29.
1607 1591 1633 1618 a
1651 1579 1762 1619 vobis
1780 1582 1811 1619 b
1831 1579 2063 1628 Rhenanus,
2085 1579 2198 1619 vobis

1238 1763 1326 1804 Cic.
1348 1762 1420 1804 Or.
1443 1764 1529 1814 515
1561 1762 1630 1815 (de
1648 1763 1930 1804 Demosthene
1958 1793 1967 1802 .
1998 1794 2009 1804 .
2041 1794 2051 1804 .
2081 1763 2198 1806 cuius

1238 1830 1289 1857 ex
1308 1817 1497 1870 epistulis
1515 1817 1699 1870 intellegi
1728 1817 1826 1858 licet
1855 1831 1979 1871 quam
2008 1818 2197 1871 frequens

1240 1872 1358 1912 fuerit
1380 1872 1565 1911 Platonis
1585 1874 1778 1923 auditor),
1795 1873 1930 1913 where
1947 1873 2019 1912 Dr.
2037 1873 2197 1925 Sandys

1238 1926 1375 1966 shows
1394 1926 1483 1967 that
1503 1926 1573 1966 the
1591 1927 1787 1967 tradition
1807 1941 1903 1979 may
1923 1929 1973 1967 be
1993 1928 2130 1968 traced
2151 1941 2196 1968 as

1239 1981 1300 2020 far
1320 1981 1428 2021 back
1455 1994 1501 2021 as
1529 1994 1582 2020 an
1609 1994 1863 2033 anonymous
1882 1983 2016 2022 writer
2043 1982 2198 2034 quoted

1239 2037 1294 2088 by
1323 2036 1580 2088 Hermippus
1612 2035 1673 2087 (at
1704 2035 1775 2075 the
1806 2036 1887 2076 end
1914 2037 1962 2076 of
1989 2036 2058 2077 the
2087 2037 2198 2076 third

1238 2096 1404 2140 century
1417 2100 1455 2130 Β.
1466 2092 1526 2140 C.)
1542 2104 1551 2130 ε
1572 2103 1637 2129 see
1650 2090 1757 2131 Plut.
1776 2092 1897 2131 Dem.
1914 2092 2024 2141 ch.v,
2038 2092 2119 2131 and
2133 2104 2195 2143 cp.

1240 2145 1364 2195 Diog.
1386 2145 1521 2184 Laert.
1546 2144 1602 2184 iii.
1623 2143 1689 2196 46.
1746 2145 1803 2184 So
1824 2145 1910 2186 Cic.
1933 2146 2045 2186 Brut.
2075 2149 2094 2193 5
2121 2157 2193 2185 121

1239 2199 1483 2239 lectitavisse
1516 2198 1732 2239 Platonem
1763 2199 1954 2249 studiose,
1991 2201 2198 2240 audivisse

1238 2253 1363 2293 etiam
1377 2252 1677 2293 Demosthenes
1690 2254 1861 2295 dicitur:
1883 2254 2056 2306 Quintil.
2070 2255 2140 2295 xii.
2158 2267 2196 2303 2,

1243 2320 1314 2356 223
1340 2319 1485 2359 10,24:
1508 2307 1604 2348 Aul.
1619 2307 1873 2359 Ge11.iii.13.
1897 2309 1988 2350 The
1999 2310 2197 2349 tradition

1239 2376 1336 2414 may
1354 2363 1544 2402 however
1562 2363 1612 2402 be
1633 2362 1872 2404 considered
1890 2363 2094 2404 doubtful.

1294 2420 1357 2456 Et
1377 2419 1538 2457 Cicero
1554 2417 1616 2456 for
1630 2422 1671 2456 et
1688 2417 1818 2469 (apud
1832 2418 1926 2469 nos)
1941 2418 2197 2465 Ciceronem,

1240 2472 1310 2524 qui
1348 2472 1427 2520 his,
1465 2477 1510 2511 ut
1556 2472 1714 2523 opinor,
1754 2472 1901 2520 verbis,
1943 2476 2021 2513 &c.
2108 2473 2200 2513 The

1240 2525 1440 2567 reference
1468 2526 1503 2565 is
1531 2531 1576 2565 to
1596 2526 1666 2565 Or.
1692 2530 1712 2574 5
1735 2537 1780 2564 12
1811 2526 1942 2566 fateor
1969 2541 2035 2567 me
2063 2534 2199 2567 orato·

1241 2594 1341 2630 rem,
1371 2581 1405 2620 si
1434 2581 1561 2620 modo
1592 2581 1668 2619 sim
1696 2586 1766 2620 aut
1796 2582 1922 2621 etiam
1955 2582 2199 2635 quicumque

1242 2635 1334 2684 sim,
1371 2648 1454 2674 non
1491 2650 1542 2675 ex
1577 2634 1781 2674 rhetorum
1821 2635 1994 2676 officinis
2040 2637 2110 2676 sed
2148 2650 2200 2676 ex

1241 2690 1496 2730 Academiae
1534 2690 1679 2741 spatiis
1717 2690 1924 2738 extitisse;
1976 2690 2051 2731 illa
2089 2691 2199 2731 enim

1243 2750 1336 2784 sunt
1366 2745 1568 2785 curricula
1597 2743 1887 2796 multiplicium
1915 2746 2199 2798 variorumque

1243 2812 1476 2839 sermonum
1519 2801 1561 2839 in
1604 2798 1753 2850 quibus
1792 2799 1980 2840 Platonis
2019 2802 2199 2852 primum

1243 2860 1335 2894 sunt
1356 2854 1552 2906 impressa
1572 2854 1759 2904 vestigia.
1815 2854 1895 2906 Cp.
1916 2854 2057 2906 Quint.
2071 2856 2140 2895 xii.
2161 2866 2199 2904 2,

1246 2921 1265 2947 2
1273 2920 1309 2958 3,
1327 2909 1459 2948 where
1472 2908 1617 2948 scholis
1630 2907 1664 2946 is
1679 2907 1778 2947 used
1793 2908 1951 2948 instead
1967 2910 2015 2948 of
2027 2909 2201 2962 qfficinis

1244 2964 1274 3013 (‘
1290 2963 1544 3003 mechanical
1563 2960 1836 3014 workshops,‘
1864 2976 1910 3002 as
1938 2964 2049 3003 Brut.
2074 2968 2093 3011 5
2113 2966 2199 3012 32).

1243 3017 1299 3056 So
1319 3016 1360 3056 in
1380 3016 1450 3056 the
1470 3017 1520 3056 de
1542 3017 1636 3055 Div.
1660 3015 1703 3055 ii.
1731 3018 1750 3062 5
1770 3029 1797 3067 4
1817 3017 1966 3057 Cicero
1987 3018 2136 3070 speaks
2156 3017 2203 3057 of

1242 3071 1306 3110 his
1318 3070 1536 3110 rhetorical
1551 3069 1687 3109 works
1702 3083 1748 3109 as
1764 3071 1982 3123 bordering
1996 3085 2048 3111 on
2064 3072 2200 3124 philo-

1242 3129 1375 3176 sophy
1391 3139 1400 3165 ε
1431 3137 1494 3176 cp.
1514 3125 1654 3175 Quint.
1670 3137 1708 3163 x.
1727 3134 1761 3173 1,
1779 3135 1824 3175 91
1851 3125 2200 3177 Philosophorum

1242 3193 1291 3218 ex
1305 3179 1451 3230 quibus
1467 3178 1689 3230 plurimum
1702 3191 1744 3217 se
1756 3179 1926 3219 traxisse
1941 3179 2200 3232 eloquentiae

1241 3234 1301 3273 M.
1324 3233 1487 3272 Tullius
1506 3232 1735 3280 confitetur,
1756 3235 1831 3272 &c.

1299 3298 1361 3339 29.
1391 3290 1612 3334 quonia-m
1632 3288 1837 3332 quidem.
1881 3287 1984 3328 This
2003 3288 2038 3327 is
2056 3295 2129 3328 not
2149 3301 2200 3328 an

1242 3342 1423 3381 instance
1462 3341 1509 3380 of
1542 3341 1787 3391 anastrophe
1825 3341 1889 3381 for
1924 3355 1992 3394 ego
2033 3343 2200 3395 quidem

1246 3396 1511 3449 (Andresen),
1532 3396 1696 3448 quidem
1719 3394 1842 3446 being
1861 3397 2087 3450 frequently
2099 3398 2200 3436 used

1242 3450 1346 3490 after
1382 3451 1579 3503 quoniam
1619 3460 1703 3501 (cp.
1734 3451 1897 3501 quando
1935 3451 2119 3504 quidem)
2157 3451 2198 3490 in

1243 3505 1414 3545 Cicero:
1455 3517 1488 3543 e.
1505 3518 1546 3556 g.
1581 3503 1775 3557 quoniam
1809 3505 1975 3557 quidem
2009 3537 2018 3546 .
2051 3536 2060 3545 .
2094 3536 2104 3546 .
2139 3506 2200 3546 fui

1242 3558 1445 3603 inimicus,
1476 3559 1572 3598 Piso
1604 3559 1723 3608 563:
1770 3558 1891 3599 Rosc.
1923 3561 2063 3600 Amer.
2084 3564 2103 3607 5
2122 3572 2197 3610 31:

1242 3613 1437 3666 quoniam
1466 3613 1632 3666 quidem
1666 3643 1675 3652 .
1707 3644 1716 3654 .
1747 3642 1758 3653 .
1787 3615 2031 3655 sententiam
2063 3615 2200 3656 dicere

1244 3668 1466 3719 vetabatur,
1490 3681 1564 3721 pro
1584 3667 1727 3710 Domo
1752 3671 1772 3718 5
1789 3666 1858 3721 69.
