2424 4166
647 208 1043 260 DIALOGUS
1075 207 1190 258 DE
1226 208 1368 258 ΘΚΑ
1381 208 1732 260 TORIBUS.
2123 221 2183 274 17

194 353 434 422 Quinam
477 352 811 405 inlustriores
852 359 980 404 sunt
1026 351 1082 403 in
1126 351 1261 403 urbe
1302 368 1413 403 non
1458 350 1636 403 solum
1677 349 1826 418 apud
1868 350 2186 418 negotiosos

193 457 248 500 et
275 448 435 499 rebus
461 448 714 509 intentOS,
734 447 831 498 sed
857 445 1023 497 etiam
1052 445 1199 512 apud
1229 446 1453 496 iuvenes
1479 461 1680 496 vacuos
1708 452 1763 495 et
1790 442 2184 503 adulescenteS‚

192 541 392 608 quibus
429 540 596 592 modo
633 547 690 591 et
726 547 877 590 recta
916 538 1128 589 indoles
1167 546 1250 589 est
1285 545 1342 589 et
1382 537 1528 589 bona
1565 553 1691 603 spes
1736 537 1858 587 sui?
1934 535 2186 603 Quorum

191 635 414 707 nomina
463 634 614 700 prius
664 640 920 700 parentes
976 632 1161 684 liberis
1211 630 1322 704 suis
1373 631 1667 698 ingerunt?
1753 628 1908 696 Quos
1971 629 2185 696 saepius
2214 648 2259 689 15

189 725 385 794 vulgus
422 743 643 794 quoque
682 726 993 794 imperitum
1034 732 1093 777 et
1129 724 1408 776 tunicatus
1445 723 1534 774 hic
1573 722 1810 790 populus
1845 730 2187 774 transeuntes

189 820 412 871 nomine
448 828 611 871 vocat
649 827 705 871 et
743 819 918 886 digito
954 819 1336 870 demonstrat?
1409 816 1679 868 Advenae
1716 832 1937 883 quoque
1974 824 2031 868 et
2067 832 2188 884 per-

189 912 360 979 egrini
405 913 514 964 iam
551 914 611 964 in
642 913 948 980 municipiis
992 919 1048 963 et
1092 911 1320 963 coloniis
1364 910 1475 962 suis
1519 910 1750 970 auditOS,
1783 925 1907 960 cum
1947 910 2187 977 primum

189 1006 381 1057 urbem
409 1005 728 1074 attigerunt,
756 1006 1040 1073 requirunt
1066 1022 1129 1056 ac
1160 1004 1314 1056 velut
1340 1004 1677 1071 adgnoscere
1706 1003 2113 1070 concupiscunt.

261 1100 324 1154 8.
377 1098 576 1151 Ausim
605 1099 935 1152 contendere
964 1096 1287 1150 Marcellum
1321 1096 1466 1149 hunc
1496 1096 1743 1165 Eprium,
1769 1098 1839 1148 de
1874 1113 1984 1163 quo
2020 1096 2188 1148 modo

187 1191 403 1245 locutus
427 1209 564 1256 sum,
590 1200 646 1245 et
674 1191 930 1260 Crispum
951 1192 1182 1243 Vibium
1211 1188 1492 1261 (libentius
1520 1191 1667 1242 enim
1694 1188 1851 1243 novis
1879 1197 1934 1241 et
1960 1189 2188 1242 recenti-

247 1337 309 1367 12.
341 1326 518 1378 quinam
548 1326 798 1365 illustriores
827 1325 986 1364 Orelli:
1018 1325 1096 1377 qui
1122 1337 1206 1364 non
1236 1324 1422 1363 illustres
1449 1324 1585 1369 codd..
1615 1324 1693 1376 qui
1724 1330 1810 1363 tam
1841 1323 2026 1363 illustres
2053 1323 2188 1362 Botti-

187 1379 298 1428 cher,
317 1380 522 1433 quidnam
542 1381 755 1419 illustrius
771 1385 830 1419 est
847 1380 1015 1420 Steiner.
1063 1380 1244 1431 Perhaps
1268 1379 1356 1428 Qui
1373 1379 1506 1430 magis
1525 1379 1709 1417 illustres
1725 1378 1744 1418 .?
1785 1384 1887 1417 sunt
1914 1378 2117 1430 Schopen,
2150 1382 2191 1416 et

187 1435 308 1475 codd.
422 1446 484 1484 13.
515 1434 683 1474 iuvenes
699 1447 847 1474 vacuos
865 1449 876 1474 =
915 1434 1081 1473 iuvenes
1096 1434 1376 1484 ACDEV2H,
1396 1446 1543 1472 vacuos
1562 1433 1594 1471 B
1616 1433 1697 1471 and
1718 1439 1826 1472 most
1847 1432 1939 1472 edd.
2059 1443 2120 1482 14.
2151 1437 2192 1470 et

188 1494 297 1528 recta
327 1489 361 1528 B
390 1491 448 1534 (et
473 1490 631 1528 written
660 1490 703 1528 in
731 1490 863 1528 above
890 1489 960 1528 the
989 1488 1073 1527 line
1105 1489 1159 1540 by
1187 1488 1256 1527 the
1292 1500 1404 1527 same
1433 1487 1577 1537 hand),
1609 1492 1719 1526 recta
1745 1492 1786 1526 et
1814 1487 2048 1536 AV2CAD‚
2079 1491 2189 1525 recta

190 1543 227 1583 E
259 1543 406 1583 Halm.
530 1543 685 1582 indoles
711 1547 770 1582 est
805 1542 1066 1591 ABCADH‚
1101 1541 1258 1582 indoles
1286 1542 1394 1591 EV„
1425 1554 1491 1581 see
1523 1541 1680 1580 Introd.
1711 1554 1752 1593 p.
1780 1541 1888 1580 lxxx.
1965 1541 2186 1581 Gudeman

187 1603 377 1650 suggests
396 1597 548 1637 ‘modo
576 1604 685 1637 recta
712 1603 773 1637 est
802 1596 961 1636 indoles
987 1603 1029 1636 et
1057 1598 1167 1636 bona
1192 1609 1287 1648 spes
1313 1594 1401 1635 sui.’
1459 1595 1650 1646 Possibly
1671 1598 1681 1615 ‘
1697 1595 1845 1648 quibus
1864 1595 1992 1635 modo
2012 1596 2117 1634 ratio
2136 1596 2190 1633 sit

188 1658 227 1692 et
244 1651 406 1694 indoles
423 1665 432 1692 ε
448 1651 459 1668 ’
488 1665 553 1704 cp.
572 1652 642 1691 the
657 1665 728 1691 use
743 1650 791 1691 of
806 1654 817 1672 ⁴
832 1650 1019 1698 indoles‚’
1041 1651 1130 1691 Cic.
1152 1651 1268 1691 Verr.
1287 1650 1346 1690 iii.
1371 1653 1392 1698 ς
1411 1649 1500 1689 160.
1629 1660 1691 1700 15.
1725 1649 1898 1689 uomina
1914 1649 2190 1698 EV2CADH,

187 1710 246 1746 ηὸ
259 1706 348 1746 AB.
518 1717 581 1759 19.
611 1706 725 1746 velut
739 1711 847 1746 most
866 1705 1004 1756 codd„
1023 1706 1123 1744 uult
1142 1705 1228 1744 HV
1248 1706 1332 1758 Sp„
1348 1705 1493 1744 vultus
1512 1705 1605 1744 Put.
1626 1703 1844 1744 Acidalius
1861 1718 1870 1745 :
1903 1717 1967 1757 cp.
1989 1707 2055 1746 26.
2079 1716 2143 1754 23.

134 2954 140 2960 ,
190 2917 317 2968 patris
347 2918 504 2969 patriae
532 2947 542 2956 .
575 2948 584 2957 .
614 2948 623 2958 .

188 1830 296 1880 train
323 1830 371 1871 of
392 1831 536 1871 favour
555 1844 601 1870 or
620 1830 870 1883 popularity.
928 1830 1012 1870 For
1030 1829 1148 1869 venit

187 1899 254 1938 cp.
267 1886 375 1926 Ann.
388 1886 468 1927 xiV.
485 1897 552 1935 53,
569 1896 620 1937 14
633 1885 767 1925 studia
784 1915 793 1925 .
808 1914 819 1925 .
837 1914 847 1924 .
863 1885 1012 1937 quibus
1027 1884 1147 1924 clari-

186 1941 290 1980 tudo
307 1940 431 1990 venit,
449 1942 460 1961 ‘
472 1939 608 1981 which
627 1939 732 1979 have
750 1952 844 1979 won
864 1937 1120 1991 reputation.'

247 2005 309 2034 12.
347 1997 555 2040 Quinam
585 2007 728 2034 occurs
760 1994 950 2033 nowhere
983 1993 1067 2033 else
1105 1993 1148 2031 in

188 2049 257 2089 the
273 2049 486 2101 Dialogus.
543 2048 696 2088 Novak
715 2049 833 2088 reads
852 2048 939 2100 qui,
955 2047 1148 2098 thinking

188 2103 278 2144 that
296 2116 380 2143 non
400 2104 440 2142 in
460 2103 530 2143 the
552 2103 723 2154 reading
742 2102 790 2142 of
813 2102 883 2142 the
902 2102 1022 2142 MSS.
1050 2101 1151 2154 (qui

188 2159 291 2208 non)
310 2170 406 2209 may
424 2156 530 2197 have
547 2159 649 2197 been
668 2157 847 2196 inserted
867 2157 922 2208 by
942 2170 967 2196 a
987 2157 1148 2208 copyist

189 2212 286 2252 who
302 2212 375 2251 did
393 2218 467 2252 not
486 2224 552 2251 see
567 2211 657 2251 that
677 2211 790 2251 there
803 2224 890 2250 was
905 2224 930 2250 a
946 2212 1147 2262 question.

247 2276 310 2316 13.
339 2269 532 2305 iuvenes
552 2278 725 2306 vacuos
745 2270 793 2305 et
811 2268 1149 2305 adulescentes.

189 2320 282 2359 The
311 2319 509 2370 adjective
536 2320 709 2372 belongs
736 2325 781 2359 to
814 2319 916 2359 both
948 2332 1149 2359 nouus.—

191 2374 283 2414 The
319 2375 438 2414 usual
475 2374 643 2425 reading
679 2374 868 2414 ‘iuvenes
903 2378 944 2413 et
984 2374 1147 2413 adules-

189 2434 325 2470 centes
338 2429 347 2444 ’
365 2428 480 2481 gives
502 2441 557 2468 no
583 2428 796 2468 antithesis
821 2434 866 2468 to
888 2430 898 2449 ‘
911 2429 1149 2480 negotiosos

188 2489 230 2523 et
275 2483 396 2523 rebus
441 2480 645 2523 intentos.'
708 2484 875 2531 Vacu0s‚
923 2482 1059 2522 which
1114 2482 1150 2520 is

188 2537 316 2577 found
349 2536 448 2588 only
483 2537 523 2576 in
556 2538 604 2585 B,
635 2550 720 2576 was
749 2536 951 2590 probably
989 2537 1149 2576 written

191 2591 324 2631 above
333 2591 404 2631 the
415 2591 498 2631 line
510 2592 552 2630 in
565 2591 635 2632 the
650 2591 868 2643 archetype
875 2590 1146 2643 (Gudeman).

248 2655 310 2696 15.
339 2648 577 2695 ingerunt,
611 2647 622 2667 ‘
637 2645 707 2684 din
753 2645 840 2686 into
888 2646 994 2685 their
1030 2642 1148 2685 ears.'

190 2699 269 2752 Cp.
282 2699 391 2739 Ann.
411 2700 454 2739 ii.
477 2708 543 2751 79,
562 2711 610 2750 13
626 2700 952 2752 magnitudinem
972 2700 1147 2752 impera-

189 2754 290 2793 toris
307 2754 535 2794 identidem
555 2755 760 2806 ingerens:
793 2755 907 2794 Hist.
924 2754 977 2794 iv.
997 2755 1060 2805 78,
1080 2766 1096 2792 1
1122 2767 1147 2793 a

189 2808 362 2848 tribunis
376 2809 671 2861 praefectisque
684 2809 829 2848 eadem
844 2809 1146 2860 ingerebantur.

189 2863 246 2902 So
266 2862 314 2902 of
327 2876 353 2902 a
371 2863 652 2915 compliment,
673 2864 782 2903 Ann.
802 2864 828 2902 i.
853 2871 918 2915 72,
940 2874 962 2912 3
994 2875 1145 2902 nomen

653 2931 678 2957 a
707 2917 868 2970 populo
894 2918 1057 2969 saepius
1086 2917 1146 2956 in-

190 2976 375 3022 gestum:
405 2985 519 3012 more
538 2971 700 3024 usually
719 2972 766 3012 of
779 2972 1036 3024 reproaches,
1051 2974 1146 3020 &c.,

191 3038 236 3065 as
253 3025 310 3065 ib.
330 3025 383 3065 iv.
399 3038 464 3076 42,
486 3039 525 3078 4.

249 3077 310 3119 16.
339 3083 510 3127 vulgus
547 3083 818 3127 imperitum
866 3092 1009 3120 occurs
1055 3080 1146 3120 also

192 3134 299 3173 Ann.
315 3133 356 3172 ii.
370 3144 430 3184 77,
446 3146 464 3173 1
475 3146 509 3175 1.
530 3135 610 3188 Cp.
623 3135 687 3175 ch.
699 3138 761 3176 19.
772 3148 797 3186 9
813 3134 1148 3186 below,populus

191 3194 237 3226 ut
270 3188 480 3240 imperitus
509 3195 550 3229 et
587 3190 713 3229 rudis.
769 3189 914 3229 Cicero
945 3202 1042 3240 very
1070 3189 1146 3227 fre-

191 3243 362 3294 quently
380 3243 455 3282 has
474 3245 485 3264 ‘
500 3243 724 3284 multitudo
738 3243 929 3296 imperita
941 3242 975 3283 ':
1008 3243 1088 3283 and
1104 3243 1146 3282 in

193 3309 267 3347 pro
286 3296 393 3336 Mur.
418 3301 438 3343 ξ
463 3298 512 3348 38
539 3298 687 3350 vulgus
715 3299 1011 3350 imperitorum.
1089 3297 1145 3336 So

194 3350 333 3401 Quint.
356 3351 410 3391 vi.
429 3364 466 3402 4,
486 3350 511 3390 6
531 3352 732 3404 imperitis
753 3366 801 3393 ac
820 3365 943 3405 saepe
963 3351 1146 3404 pullatae

195 3405 338 3444 turbae
356 3405 598 3458 relinquunt.

246 3462 482 3499 tunicatus
495 3463 571 3500 hie
583 3464 799 3507 populus
841 3460 931 3501 The
946 3461 1146 3500 reference

191 3513 228 3551 is
256 3518 302 3551 to
329 3513 399 3552 the
426 3527 575 3565 poorer
604 3515 767 3565 classes,
785 3515 881 3554 who
911 3515 1010 3566 only
1037 3528 1147 3553 wore

193 3566 262 3606 the
299 3572 399 3618 toga
436 3580 488 3607 on
531 3574 634 3608 state
672 3569 883 3609 occasions
900 3584 908 3609 :
959 3578 1007 3609 tr.
1048 3573 1058 3589 ‘
1075 3570 1145 3608 the

194 3620 345 3673 people
382 3621 425 3660 in
471 3621 577 3662 their
610 3623 799 3676 working
845 3622 1030 3664 clothes.’
1088 3623 1145 3663 So

1234 1830 1340 1869 Hor.
1372 1830 1448 1880 Ep.
1478 1830 1505 1870 i.
1529 1837 1566 1881 7,
1593 1828 1645 1879 65
1678 1829 1779 1869 vilia
1809 1829 2055 1870 vendentem
2085 1828 2192 1869 tuni·

1233 1893 1327 1925 cato
1365 1890 1503 1924 scruta
1536 1883 1720 1936 popello.
1777 1883 1987 1936 Augustus
2023 1884 2193 1924 forbade

1233 1940 1398 1980 citizens
1424 1944 1470 1978 to
1498 1952 1651 1991 appear
1670 1939 1711 1977 in
1739 1937 1810 1978 the
1835 1939 1969 1978 forum
1996 1952 2043 1978 or
2061 1939 2193 1979 circus

1231 1994 1404 2033 without
1423 1993 1493 2032 the
1511 2000 1612 2045 toga
1635 1992 1764 2045 (Suet.
1785 1994 1894 2044 Aug.
1917 1992 2004 2044 40).
2052 1993 2101 2032 In
2121 1993 2191 2032 the

1232 2054 1404 2099 country
1419 2048 1453 2087 it
1473 2060 1558 2087 was
1576 2047 1737 2087 seldom
1756 2061 1868 2087 worn
1885 2061 1893 2087 ε
1922 2048 2016 2100 Juv.
2038 2048 2096 2087 iii.
2114 2059 2187 2097 171

1232 2115 1328 2155 pars
1360 2115 1512 2153 magna
1541 2102 1688 2141 Italiae
1716 2107 1806 2141 est.
1830 2133 1839 2141 .
1860 2132 1869 2140 .
1890 2102 1932 2140 in
1962 2115 2042 2154 qua
2070 2115 2190 2141 nemo

1230 2165 1373 2208 togam
1406 2156 1531 2195 sumit
1558 2157 1638 2195 nisi
1674 2162 1885 2196 mortuus:
1921 2170 1986 2208 cp·
2026 2157 2115 2197 Cic.
2148 2157 2192 2195 in

1232 2210 1346 2251 Rull.
1372 2210 1415 2249 ii.
1448 2213 1469 2257 ξ
1500 2223 1554 2261 94
1584 2211 1675 2249 Iam
1707 2223 1804 2250 vero
1837 2212 1909 2263 qui
1942 2217 2075 2250 metus
2106 2218 2192 2251 erat

1233 2266 1508 2305 tunicatorum
1555 2265 1721 2304 illorum
1738 2267 1770 2305 l:
1817 2265 1939 2304 Mart.
1957 2279 1995 2305 x,
2045 2274 2112 2315 47,
2166 2278 2188 2317 5

1230 2326 1331 2371 toga
1360 2332 1450 2358 rara
1471 2333 1480 2358 :
1513 2330 1580 2370 51,
1601 2318 1626 2358 6
1655 2319 1839 2359 tunicata
1864 2319 2004 2371 quies:
2032 2321 2102 2360 xii.
2128 2321 2188 2366 18,

1235 2382 1282 2425 17
1319 2373 1443 2424 (from
1482 2373 1628 2426 Spain)
1663 2374 1813 2425 Ignota
1845 2380 1906 2414 est
1939 2381 2050 2426 toga.
2108 2375 2187 2426 Cp.

1229 2434 1326 2469 note
1346 2441 1398 2467 on
1419 2433 1651 2478 togatorum
1673 2431 1710 2468 6.
1730 2440 1792 2479 14.

1291 2490 1351 2534 17.
1383 2485 1533 2529 digito
1564 2485 1865 2522 demonstrat.
1922 2482 1978 2522 So
2016 2483 2103 2523 Cic.
2140 2483 2191 2524 de

1233 2537 1338 2589 Rep.
1359 2538 1413 2577 vi.
1440 2537 1512 2576 26:
1544 2536 1595 2576 de
1615 2537 1684 2576 Or.
1698 2537 1742 2578 ii.
1767 2536 1869 2578 266:
1901 2551 1965 2589 cp.
1985 2544 2191 2577 monstror

1232 2592 1364 2643 digito
1394 2592 1737 2643 praetereuntium
1768 2591 1875 2631 Hor.
1900 2592 1978 2632 Od.
2001 2593 2053 2631 iv.
2079 2605 2116 2642 3,
2140 2604 2185 2630 22

1230 2645 1312 2684 and
1342 2646 1451 2685 Pers.
1475 2646 1499 2687 i.
1525 2647 1586 2686 28.
1646 2646 1707 2685 Of
1728 2646 1798 2686 the
1826 2645 1956 2697 finger
1984 2647 2032 2686 of
2054 2659 2188 2694 scorn,

1231 2700 1593 2748 δακτυλοδεικτεῖν,
1626 2700 1844 2740 Demosth.
1868 2709 1970 2752 790:
2001 2714 2068 2754 cp.
2097 2703 2188 2740 δακ-

1230 2753 1500 2804 τυλοδεικτός,
1517 2754 1664 2795 Aesch.
1686 2755 1836 2806 Agam.
1862 2767 1979 2805 1332.

1291 2810 1351 2849 18.
1382 2812 1583 2849 auditos.
1617 2810 1700 2848 For
1720 2811 1803 2848 this
1825 2809 2040 2862 (poetical)
2062 2823 2180 2850 use=

1232 2864 1384 2903 ‘heard
1417 2862 1486 2913 of,'
1525 2877 1590 2916 cp.
1624 2863 1732 2903 Hist.
1761 2864 1803 2903 ii.
1836 2864 1873 2911 6,
1908 2865 1931 2903 8
1981 2865 2188 2916 auditique

1230 2919 1392 2970 saepius
1412 2948 1422 2957 .
1445 2948 1453 2957 .
1480 2948 1489 2957 .
1514 2919 1711 2958 Caesares
1740 2931 1864 2970 quam
1892 2920 2090 2971 inspecti:
2130 2920 2185 2959 ib.

1229 2973 1255 3011 i.
1278 2972 1344 3022 86,
1366 2974 1416 3012 8:
1447 2973 1587 3012 Germ.
1610 2972 1681 3011 xli.
1702 2973 1756 3011 ad
1777 2973 1870 3013 fin.:
1911 2973 1989 3013 Ov.
2011 2974 2112 3013 Met.
2134 2974 2188 3013 vi.

1234 3035 1323 3078 170.
1380 3026 1513 3065 Wolff
1538 3039 1750 3077 compares
1778 3027 1867 3066 also
1887 3027 1994 3067 Plin.
2017 3028 2097 3079 Ep.
2117 3028 2187 3066 vii.

1232 3092 1296 3133 19,
1321 3089 1342 3130 7
1364 3081 1539 3120 feminae
1558 3093 1662 3131 quae
1681 3081 1880 3131 leguntur.

1290 3147 1350 3187 19.
1380 3138 1514 3174 velut,
1544 3138 1839 3181 adgnoscere.
1901 3134 2020 3186 They
2046 3147 2187 3187 recog-

1229 3190 1316 3228 nise
1335 3189 1446 3228 them
1478 3189 1532 3240 by
1552 3189 1658 3228 their
1676 3188 1954 3241 descriptionS,
1979 3195 2052 3228 not
2079 3190 2188 3228 from

1231 3244 1382 3295 having
1396 3256 1490 3283 seen
1502 3244 1613 3283 them
1634 3243 1890 3295 previously3
1917 3243 2043 3283 hence
2058 3243 2186 3285 velut.

1234 3298 1312 3350 Cp.
1331 3300 1367 3338 3.
1388 3309 1450 3346 10,
1472 3298 1552 3337 and
1575 3297 1637 3339 17.
1653 3297 1705 3335 ad
1722 3296 1813 3336 fin.:
1845 3297 1984 3349 Quint.
2005 3299 2058 3337 vi.
2079 3310 2115 3347 2,
2136 3309 2184 3348 13

1230 3365 1364 3391 mores
1393 3352 1566 3392 dicentis
1595 3365 1645 3390 ex
1673 3352 1857 3391 oratione
1885 3352 2118 3404 pelluceant
2146 3360 2185 3392 et

1230 3406 1535 3458 quodammodo
1549 3407 1597 3445 ad
1603 3412 1860 3457 gnoscantur.

1283 3465 1325 3500 8.
1351 3472 1385 3500 2.
1407 3463 1577 3499 Vibius
1595 3462 1787 3506 Crispus
1805 3462 1885 3510 (for
1896 3460 1966 3500 the
1982 3461 2187 3500 inversion

1230 3516 1272 3554 in
1301 3515 1370 3554 the
1399 3520 1499 3562 text,
1520 3528 1585 3553 see
1615 3527 1668 3553 on
1691 3517 1725 3553 1.
1746 3515 1786 3565 1)
1808 3527 1893 3553 was
1924 3529 1948 3554 a
1977 3517 2114 3555 native
2144 3516 2192 3555 of

1231 3568 1456 3614 Vercellae,
1498 3569 1593 3607 who
1630 3569 1713 3607 had
1743 3569 1912 3621 already
1951 3569 2047 3609 held
2084 3569 2186 3622 high

1231 3623 1346 3664 office
1375 3624 1502 3663 under
1521 3623 1647 3672 Nero,
1669 3623 1749 3662 and
1770 3624 1864 3663 who
1894 3624 2112 3665 continued
2142 3634 2187 3665 to
